{
  "btcusdt": {
    "8.000": [
      {
        "event": "",
        "event_time": 1746851415043,
        "agg_trade_id": 2710789158,
        "symbol": "BTCUSDT",
        "price": "103079.10",
        "quantity": "8.000",
        "trade_time": 1746851414952,
        "is_buyer_maker": true,
        "f": 6286028191,
        "l": 6286028208
      },
      {
        "event": "",
        "event_time": 1746859327532,
        "agg_trade_id": 2710851318,
        "symbol": "BTCUSDT",
        "price": "103658.40",
        "quantity": "8.000",
        "trade_time": 1746859327378,
        "is_buyer_maker": true,
        "f": 6286192876,
        "l": 6286192936
      }
    ],
    "10.000": [
      {
        "event": "",
        "event_time": 1746831033017,
        "agg_trade_id": 2710678145,
        "symbol": "BTCUSDT",
        "price": "102859.40",
        "quantity": "10.000",
        "trade_time": 1746831032862,
        "is_buyer_maker": true,
        "l": 6285756821,
        "f": 6285756798
      },
      {
        "event": "",
        "event_time": 1746831237016,
        "agg_trade_id": 2710678931,
        "symbol": "BTCUSDT",
        "price": "102825.90",
        "quantity": "10.000",
        "trade_time": 1746831236861,
        "is_buyer_maker": true,
        "l": 6285758845,
        "f": 6285758789
      },
      {
        "event": "",
        "event_time": 1746836696008,
        "agg_trade_id": 2710709702,
        "symbol": "BTCUSDT",
        "price": "102924.90",
        "quantity": "10.000",
        "trade_time": 1746836695854,
        "is_buyer_maker": false,
        "l": 6285836498,
        "f": 6285836439
      },
      {
        "event": "",
        "event_time": 1746839501668,
        "agg_trade_id": 2710727503,
        "symbol": "BTCUSDT",
        "price": "102934.90",
        "quantity": "10.000",
        "trade_time": 1746839501513,
        "is_buyer_maker": true,
        "f": 6285881640,
        "l": 6285881663
      },
      {
        "event": "",
        "event_time": 1746849083411,
        "agg_trade_id": 2710775414,
        "symbol": "BTCUSDT",
        "price": "103140.70",
        "quantity": "10.000",
        "trade_time": 1746849083256,
        "is_buyer_maker": false,
        "l": 6285996057,
        "f": 6285996027
      },
      {
        "event": "",
        "event_time": 1746851530168,
        "agg_trade_id": 2710789799,
        "symbol": "BTCUSDT",
        "price": "103070.80",
        "quantity": "10.000",
        "trade_time": 1746851530014,
        "is_buyer_maker": false,
        "f": 6286029589,
        "l": 6286029622
      },
      {
        "event": "",
        "event_time": 1746860371187,
        "agg_trade_id": 2710862519,
        "symbol": "BTCUSDT",
        "price": "103846.00",
        "quantity": "10.000",
        "trade_time": 1746860371171,
        "is_buyer_maker": false,
        "f": 6286221038,
        "l": 6286221038
      }
    ],
    "5.005": [
      {
        "event": "",
        "event_time": 1746831334934,
        "agg_trade_id": 2710679416,
        "symbol": "BTCUSDT",
        "price": "102787.30",
        "quantity": "5.005",
        "trade_time": 1746831334836,
        "is_buyer_maker": true,
        "f": 6285760073,
        "l": 6285760171
      },
      {
        "event": "",
        "event_time": 1746858957569,
        "agg_trade_id": 2710845611,
        "symbol": "BTCUSDT",
        "price": "103789.00",
        "quantity": "5.005",
        "trade_time": 1746858957563,
        "is_buyer_maker": false,
        "f": 6286178115,
        "l": 6286178118
      },
      {
        "event": "",
        "event_time": 1746867487393,
        "agg_trade_id": 2710954282,
        "symbol": "BTCUSDT",
        "price": "103503.70",
        "quantity": "5.005",
        "trade_time": 1746867487238,
        "is_buyer_maker": true,
        "l": 6286451960,
        "f": 6286451940
      }
    ],
    "7.000": [
      {
        "event": "",
        "event_time": 1746843867931,
        "agg_trade_id": 2710749098,
        "symbol": "BTCUSDT",
        "price": "102975.50",
        "quantity": "7.000",
        "trade_time": 1746843867777,
        "is_buyer_maker": false,
        "l": 6285933777,
        "f": 6285933753
      },
      {
        "event": "",
        "event_time": 1746852311151,
        "agg_trade_id": 2710793727,
        "symbol": "BTCUSDT",
        "price": "103130.90",
        "quantity": "7.000",
        "trade_time": 1746852310996,
        "is_buyer_maker": true,
        "f": 6286038976,
        "l": 6286038994
      },
      {
        "event": "",
        "event_time": 1746864622974,
        "agg_trade_id": 2710919770,
        "symbol": "BTCUSDT",
        "price": "103825.10",
        "quantity": "7.000",
        "trade_time": 1746864622860,
        "is_buyer_maker": true,
        "l": 6286370657,
        "f": 6286370641
      }
    ],
    "5.004": [
      {
        "event": "",
        "event_time": 1746835993135,
        "agg_trade_id": 2710702891,
        "symbol": "BTCUSDT",
        "price": "102918.40",
        "quantity": "5.004",
        "trade_time": 1746835993130,
        "is_buyer_maker": true,
        "f": 6285820074,
        "l": 6285820090
      },
      {
        "event": "",
        "event_time": 1746859137782,
        "agg_trade_id": 2710849601,
        "symbol": "BTCUSDT",
        "price": "103731.10",
        "quantity": "5.004",
        "trade_time": 1746859137647,
        "is_buyer_maker": true,
        "l": 6286188405,
        "f": 6286188395
      }
    ],
    "5.002": [
      {
        "event": "",
        "event_time": 1746858108845,
        "agg_trade_id": 2710832587,
        "symbol": "BTCUSDT",
        "price": "103474.10",
        "quantity": "5.002",
        "trade_time": 1746858108691,
        "is_buyer_maker": true,
        "l": 6286140117,
        "f": 6286140108
      },
      {
        "event": "",
        "event_time": 1746858982036,
        "agg_trade_id": 2710846633,
        "symbol": "BTCUSDT",
        "price": "103729.90",
        "quantity": "5.002",
        "trade_time": 1746858981882,
        "is_buyer_maker": true,
        "f": 6286181071,
        "l": 6286181083
      },
      {
        "event": "",
        "event_time": 1746864443982,
        "agg_trade_id": 2710913897,
        "symbol": "BTCUSDT",
        "price": "103981.20",
        "quantity": "5.002",
        "trade_time": 1746864443928,
        "is_buyer_maker": false,
        "f": 6286356755,
        "l": 6286356764
      }
    ],
    "5.007": [
      {
        "event": "",
        "event_time": 1746856111580,
        "agg_trade_id": 2710813052,
        "symbol": "BTCUSDT",
        "price": "103175.10",
        "quantity": "5.007",
        "trade_time": 1746856111454,
        "is_buyer_maker": false,
        "f": 6286085193,
        "l": 6286085239
      },
      {
        "event": "",
        "event_time": 1746859255465,
        "agg_trade_id": 2710850778,
        "symbol": "BTCUSDT",
        "price": "103663.20",
        "quantity": "5.007",
        "trade_time": 1746859255310,
        "is_buyer_maker": true,
        "f": 6286191433,
        "l": 6286191441
      }
    ],
    "6.000": [
      {
        "event": "",
        "event_time": 1746851012775,
        "agg_trade_id": 2710786905,
        "symbol": "BTCUSDT",
        "price": "103110.10",
        "quantity": "6.000",
        "trade_time": 1746851012621,
        "is_buyer_maker": false,
        "l": 6286023258,
        "f": 6286023246
      },
      {
        "event": "",
        "event_time": 1746860172954,
        "agg_trade_id": 2710860038,
        "symbol": "BTCUSDT",
        "price": "103628.40",
        "quantity": "6.000",
        "trade_time": 1746860172824,
        "is_buyer_maker": false,
        "l": 6286214519,
        "f": 6286214489
      },
      {
        "event": "",
        "event_time": 1746863069927,
        "agg_trade_id": 2710897922,
        "symbol": "BTCUSDT",
        "price": "103630.10",
        "quantity": "6.000",
        "trade_time": 1746863069797,
        "is_buyer_maker": true,
        "f": 6286316167,
        "l": 6286316192
      },
      {
        "event": "",
        "event_time": 1746863225447,
        "agg_trade_id": 2710898781,
        "symbol": "BTCUSDT",
        "price": "103616.80",
        "quantity": "6.000",
        "trade_time": 1746863225369,
        "is_buyer_maker": true,
        "f": 6286318302,
        "l": 6286318315
      }
    ],
    "10.002": [
      {
        "event": "",
        "event_time": 1746853717838,
        "agg_trade_id": 2710798771,
        "symbol": "BTCUSDT",
        "price": "103144.30",
        "quantity": "10.002",
        "trade_time": 1746853717682,
        "is_buyer_maker": true,
        "f": 6286050723,
        "l": 6286050745
      },
      {
        "event": "",
        "event_time": 1746863749842,
        "agg_trade_id": 2710903938,
        "symbol": "BTCUSDT",
        "price": "103775.70",
        "quantity": "10.002",
        "trade_time": 1746863749688,
        "is_buyer_maker": true,
        "f": 6286331171,
        "l": 6286331196
      }
    ],
    "0.002": [
      {
        "event": "",
        "event_time": 1746828160376,
        "agg_trade_id": 2710664818,
        "symbol": "BTCUSDT",
        "price": "102975.30",
        "quantity": "0.002",
        "trade_time": 1746828160373,
        "is_buyer_maker": false,
        "l": 6285723436,
        "f": 6285723436
      },
      {
        "event": "",
        "event_time": 1746828160445,
        "agg_trade_id": 2710664820,
        "symbol": "BTCUSDT",
        "price": "102975.10",
        "quantity": "0.002",
        "trade_time": 1746828160433,
        "is_buyer_maker": true,
        "f": 6285723452,
        "l": 6285723452
      },
      {
        "event": "",
        "event_time": 1746828160450,
        "agg_trade_id": 2710664821,
        "symbol": "BTCUSDT",
        "price": "102974.50",
        "quantity": "0.002",
        "trade_time": 1746828160443,
        "is_buyer_maker": false,
        "f": 6285723453,
        "l": 6285723453
      },
      {
        "event": "",
        "event_time": 1746828160565,
        "agg_trade_id": 2710664824,
        "symbol": "BTCUSDT",
        "price": "102974.30",
        "quantity": "0.002",
        "trade_time": 1746828160561,
        "is_buyer_maker": true,
        "l": 6285723463,
        "f": 6285723463
      },
      {
        "event": "",
        "event_time": 1746828160565,
        "agg_trade_id": 2710664825,
        "symbol": "BTCUSDT",
        "price": "102971.20",
        "quantity": "0.002",
        "trade_time": 1746828160562,
        "is_buyer_maker": true,
        "l": 6285723464,
        "f": 6285723464
      },
      {
        "event": "",
        "event_time": 1746828160592,
        "agg_trade_id": 2710664828,
        "symbol": "BTCUSDT",
        "price": "102969.80",
        "quantity": "0.002",
        "trade_time": 1746828160588,
        "is_buyer_maker": true,
        "f": 6285723469,
        "l": 6285723469
      },
      {
        "event": "",
        "event_time": 1746828160593,
        "agg_trade_id": 2710664829,
        "symbol": "BTCUSDT",
        "price": "102969.50",
        "quantity": "0.002",
        "trade_time": 1746828160588,
        "is_buyer_maker": true,
        "f": 6285723470,
        "l": 6285723470
      },
      {
        "event": "",
        "event_time": 1746828160621,
        "agg_trade_id": 2710664830,
        "symbol": "BTCUSDT",
        "price": "102969.00",
        "quantity": "0.002",
        "trade_time": 1746828160590,
        "is_buyer_maker": true,
        "l": 6285723471,
        "f": 6285723471
      },
      {
        "event": "",
        "event_time": 1746828160621,
        "agg_trade_id": 2710664831,
        "symbol": "BTCUSDT",
        "price": "102968.00",
        "quantity": "0.002",
        "trade_time": 1746828160619,
        "is_buyer_maker": true,
        "f": 6285723472,
        "l": 6285723472
      },
      {
        "event": "",
        "event_time": 1746828160621,
        "agg_trade_id": 2710664832,
        "symbol": "BTCUSDT",
        "price": "102967.00",
        "quantity": "0.002",
        "trade_time": 1746828160619,
        "is_buyer_maker": true,
        "l": 6285723473,
        "f": 6285723473
      },
      {
        "event": "",
        "event_time": 1746828160659,
        "agg_trade_id": 2710664835,
        "symbol": "BTCUSDT",
        "price": "102965.90",
        "quantity": "0.002",
        "trade_time": 1746828160619,
        "is_buyer_maker": true,
        "f": 6285723478,
        "l": 6285723478
      },
      {
        "event": "",
        "event_time": 1746828162504,
        "agg_trade_id": 2710664842,
        "symbol": "BTCUSDT",
        "price": "102966.80",
        "quantity": "0.002",
        "trade_time": 1746828162499,
        "is_buyer_maker": false,
        "l": 6285723508,
        "f": 6285723508
      },
      {
        "event": "",
        "event_time": 1746828162504,
        "agg_trade_id": 2710664843,
        "symbol": "BTCUSDT",
        "price": "102967.20",
        "quantity": "0.002",
        "trade_time": 1746828162499,
        "is_buyer_maker": false,
        "f": 6285723509,
        "l": 6285723509
      },
      {
        "event": "",
        "event_time": 1746828162511,
        "agg_trade_id": 2710664848,
        "symbol": "BTCUSDT",
        "price": "102970.10",
        "quantity": "0.002",
        "trade_time": 1746828162506,
        "is_buyer_maker": false,
        "l": 6285723516,
        "f": 6285723516
      },
      {
        "event": "",
        "event_time": 1746828162539,
        "agg_trade_id": 2710664852,
        "symbol": "BTCUSDT",
        "price": "102972.80",
        "quantity": "0.002",
        "trade_time": 1746828162529,
        "is_buyer_maker": false,
        "f": 6285723521,
        "l": 6285723521
      },
      {
        "event": "",
        "event_time": 1746828162539,
        "agg_trade_id": 2710664854,
        "symbol": "BTCUSDT",
        "price": "102973.50",
        "quantity": "0.002",
        "trade_time": 1746828162536,
        "is_buyer_maker": false,
        "f": 6285723523,
        "l": 6285723523
      },
      {
        "event": "",
        "event_time": 1746828162542,
        "agg_trade_id": 2710664858,
        "symbol": "BTCUSDT",
        "price": "102974.30",
        "quantity": "0.002",
        "trade_time": 1746828162540,
        "is_buyer_maker": false,
        "f": 6285723528,
        "l": 6285723528
      },
      {
        "event": "",
        "event_time": 1746828162561,
        "agg_trade_id": 2710664860,
        "symbol": "BTCUSDT",
        "price": "102974.80",
        "quantity": "0.002",
        "trade_time": 1746828162558,
        "is_buyer_maker": false,
        "f": 6285723533,
        "l": 6285723533
      },
      {
        "event": "",
        "event_time": 1746828162578,
        "agg_trade_id": 2710664862,
        "symbol": "BTCUSDT",
        "price": "102976.10",
        "quantity": "0.002",
        "trade_time": 1746828162575,
        "is_buyer_maker": false,
        "f": 6285723535,
        "l": 6285723535
      },
      {
        "event": "",
        "event_time": 1746828162578,
        "agg_trade_id": 2710664863,
        "symbol": "BTCUSDT",
        "price": "102977.10",
        "quantity": "0.002",
        "trade_time": 1746828162575,
        "is_buyer_maker": false,
        "l": 6285723536,
        "f": 6285723536
      },
      {
        "event": "",
        "event_time": 1746828163241,
        "agg_trade_id": 2710664867,
        "symbol": "BTCUSDT",
        "price": "102978.80",
        "quantity": "0.002",
        "trade_time": 1746828163085,
        "is_buyer_maker": false,
        "l": 6285723545,
        "f": 6285723545
      },
      {
        "event": "",
        "event_time": 1746828163364,
        "agg_trade_id": 2710664869,
        "symbol": "BTCUSDT",
        "price": "102978.90",
        "quantity": "0.002",
        "trade_time": 1746828163359,
        "is_buyer_maker": false,
        "l": 6285723556,
        "f": 6285723556
      },
      {
        "event": "",
        "event_time": 1746828163364,
        "agg_trade_id": 2710664870,
        "symbol": "BTCUSDT",
        "price": "102979.80",
        "quantity": "0.002",
        "trade_time": 1746828163359,
        "is_buyer_maker": false,
        "l": 6285723557,
        "f": 6285723557
      },
      {
        "event": "",
        "event_time": 1746828163364,
        "agg_trade_id": 2710664871,
        "symbol": "BTCUSDT",
        "price": "102980.00",
        "quantity": "0.002",
        "trade_time": 1746828163359,
        "is_buyer_maker": false,
        "f": 6285723558,
        "l": 6285723559
      },
      {
        "event": "",
        "event_time": 1746828163364,
        "agg_trade_id": 2710664872,
        "symbol": "BTCUSDT",
        "price": "102982.20",
        "quantity": "0.002",
        "trade_time": 1746828163359,
        "is_buyer_maker": false,
        "f": 6285723560,
        "l": 6285723560
      },
      {
        "event": "",
        "event_time": 1746828163364,
        "agg_trade_id": 2710664874,
        "symbol": "BTCUSDT",
        "price": "102982.40",
        "quantity": "0.002",
        "trade_time": 1746828163359,
        "is_buyer_maker": false,
        "f": 6285723562,
        "l": 6285723562
      },
      {
        "event": "",
        "event_time": 1746828163364,
        "agg_trade_id": 2710664875,
        "symbol": "BTCUSDT",
        "price": "102982.80",
        "quantity": "0.002",
        "trade_time": 1746828163359,
        "is_buyer_maker": false,
        "l": 6285723563,
        "f": 6285723563
      },
      {
        "event": "",
        "event_time": 1746828163364,
        "agg_trade_id": 2710664876,
        "symbol": "BTCUSDT",
        "price": "102983.30",
        "quantity": "0.002",
        "trade_time": 1746828163359,
        "is_buyer_maker": false,
        "l": 6285723564,
        "f": 6285723564
      },
      {
        "event": "",
        "event_time": 1746828163409,
        "agg_trade_id": 2710664878,
        "symbol": "BTCUSDT",
        "price": "102984.30",
        "quantity": "0.002",
        "trade_time": 1746828163392,
        "is_buyer_maker": false,
        "f": 6285723574,
        "l": 6285723574
      },
      {
        "event": "",
        "event_time": 1746828163423,
        "agg_trade_id": 2710664880,
        "symbol": "BTCUSDT",
        "price": "102985.40",
        "quantity": "0.002",
        "trade_time": 1746828163407,
        "is_buyer_maker": false,
        "l": 6285723577,
        "f": 6285723576
      },
      {
        "event": "",
        "event_time": 1746828163423,
        "agg_trade_id": 2710664881,
        "symbol": "BTCUSDT",
        "price": "102986.10",
        "quantity": "0.002",
        "trade_time": 1746828163420,
        "is_buyer_maker": false,
        "f": 6285723578,
        "l": 6285723578
      },
      {
        "event": "",
        "event_time": 1746828163449,
        "agg_trade_id": 2710664883,
        "symbol": "BTCUSDT",
        "price": "102986.50",
        "quantity": "0.002",
        "trade_time": 1746828163420,
        "is_buyer_maker": false,
        "f": 6285723581,
        "l": 6285723581
      },
      {
        "event": "",
        "event_time": 1746828163449,
        "agg_trade_id": 2710664884,
        "symbol": "BTCUSDT",
        "price": "102987.40",
        "quantity": "0.002",
        "trade_time": 1746828163446,
        "is_buyer_maker": false,
        "f": 6285723582,
        "l": 6285723582
      },
      {
        "event": "",
        "event_time": 1746828163449,
        "agg_trade_id": 2710664885,
        "symbol": "BTCUSDT",
        "price": "102987.70",
        "quantity": "0.002",
        "trade_time": 1746828163446,
        "is_buyer_maker": false,
        "l": 6285723583,
        "f": 6285723583
      },
      {
        "event": "",
        "event_time": 1746828163450,
        "agg_trade_id": 2710664888,
        "symbol": "BTCUSDT",
        "price": "102988.50",
        "quantity": "0.002",
        "trade_time": 1746828163446,
        "is_buyer_maker": false,
        "l": 6285723586,
        "f": 6285723586
      },
      {
        "event": "",
        "event_time": 1746828163497,
        "agg_trade_id": 2710664890,
        "symbol": "BTCUSDT",
        "price": "102989.50",
        "quantity": "0.002",
        "trade_time": 1746828163446,
        "is_buyer_maker": false,
        "l": 6285723588,
        "f": 6285723588
      },
      {
        "event": "",
        "event_time": 1746828164688,
        "agg_trade_id": 2710664895,
        "symbol": "BTCUSDT",
        "price": "102990.00",
        "quantity": "0.002",
        "trade_time": 1746828164533,
        "is_buyer_maker": false,
        "f": 6285723594,
        "l": 6285723595
      },
      {
        "event": "",
        "event_time": 1746828165018,
        "agg_trade_id": 2710664897,
        "symbol": "BTCUSDT",
        "price": "102990.10",
        "quantity": "0.002",
        "trade_time": 1746828164994,
        "is_buyer_maker": false,
        "f": 6285723614,
        "l": 6285723614
      },
      {
        "event": "",
        "event_time": 1746828165018,
        "agg_trade_id": 2710664898,
        "symbol": "BTCUSDT",
        "price": "102991.50",
        "quantity": "0.002",
        "trade_time": 1746828165015,
        "is_buyer_maker": false,
        "f": 6285723615,
        "l": 6285723615
      },
      {
        "event": "",
        "event_time": 1746828165018,
        "agg_trade_id": 2710664900,
        "symbol": "BTCUSDT",
        "price": "102992.40",
        "quantity": "0.002",
        "trade_time": 1746828165015,
        "is_buyer_maker": false,
        "f": 6285723617,
        "l": 6285723617
      },
      {
        "event": "",
        "event_time": 1746828165018,
        "agg_trade_id": 2710664901,
        "symbol": "BTCUSDT",
        "price": "102992.60",
        "quantity": "0.002",
        "trade_time": 1746828165015,
        "is_buyer_maker": false,
        "f": 6285723618,
        "l": 6285723618
      },
      {
        "event": "",
        "event_time": 1746828165018,
        "agg_trade_id": 2710664902,
        "symbol": "BTCUSDT",
        "price": "102993.10",
        "quantity": "0.002",
        "trade_time": 1746828165015,
        "is_buyer_maker": false,
        "l": 6285723619,
        "f": 6285723619
      },
      {
        "event": "",
        "event_time": 1746828165018,
        "agg_trade_id": 2710664903,
        "symbol": "BTCUSDT",
        "price": "102993.60",
        "quantity": "0.002",
        "trade_time": 1746828165015,
        "is_buyer_maker": false,
        "l": 6285723620,
        "f": 6285723620
      },
      {
        "event": "",
        "event_time": 1746828165079,
        "agg_trade_id": 2710664904,
        "symbol": "BTCUSDT",
        "price": "102994.00",
        "quantity": "0.002",
        "trade_time": 1746828165015,
        "is_buyer_maker": false,
        "l": 6285723621,
        "f": 6285723621
      },
      {
        "event": "",
        "event_time": 1746828167367,
        "agg_trade_id": 2710664911,
        "symbol": "BTCUSDT",
        "price": "102994.10",
        "quantity": "0.002",
        "trade_time": 1746828167232,
        "is_buyer_maker": false,
        "f": 6285723631,
        "l": 6285723631
      },
      {
        "event": "",
        "event_time": 1746828167518,
        "agg_trade_id": 2710664912,
        "symbol": "BTCUSDT",
        "price": "102994.10",
        "quantity": "0.002",
        "trade_time": 1746828167364,
        "is_buyer_maker": false,
        "f": 6285723632,
        "l": 6285723632
      },
      {
        "event": "",
        "event_time": 1746828168550,
        "agg_trade_id": 2710664914,
        "symbol": "BTCUSDT",
        "price": "102994.10",
        "quantity": "0.002",
        "trade_time": 1746828168394,
        "is_buyer_maker": false,
        "f": 6285723634,
        "l": 6285723634
      },
      {
        "event": "",
        "event_time": 1746828169830,
        "agg_trade_id": 2710664917,
        "symbol": "BTCUSDT",
        "price": "102994.10",
        "quantity": "0.002",
        "trade_time": 1746828169677,
        "is_buyer_maker": false,
        "f": 6285723637,
        "l": 6285723638
      },
      {
        "event": "",
        "event_time": 1746828173518,
        "agg_trade_id": 2710664928,
        "symbol": "BTCUSDT",
        "price": "102994.10",
        "quantity": "0.002",
        "trade_time": 1746828173405,
        "is_buyer_maker": false,
        "f": 6285723667,
        "l": 6285723667
      },
      {
        "event": "",
        "event_time": 1746828173645,
        "agg_trade_id": 2710664931,
        "symbol": "BTCUSDT",
        "price": "102994.20",
        "quantity": "0.002",
        "trade_time": 1746828173640,
        "is_buyer_maker": false,
        "f": 6285723696,
        "l": 6285723696
      },
      {
        "event": "",
        "event_time": 1746828173647,
        "agg_trade_id": 2710664932,
        "symbol": "BTCUSDT",
        "price": "102996.40",
        "quantity": "0.002",
        "trade_time": 1746828173640,
        "is_buyer_maker": false,
        "f": 6285723697,
        "l": 6285723697
      },
      {
        "event": "",
        "event_time": 1746828173647,
        "agg_trade_id": 2710664933,
        "symbol": "BTCUSDT",
        "price": "102997.30",
        "quantity": "0.002",
        "trade_time": 1746828173640,
        "is_buyer_maker": false,
        "l": 6285723698,
        "f": 6285723698
      },
      {
        "event": "",
        "event_time": 1746828173647,
        "agg_trade_id": 2710664935,
        "symbol": "BTCUSDT",
        "price": "102998.40",
        "quantity": "0.002",
        "trade_time": 1746828173640,
        "is_buyer_maker": false,
        "l": 6285723700,
        "f": 6285723700
      },
      {
        "event": "",
        "event_time": 1746828173649,
        "agg_trade_id": 2710664938,
        "symbol": "BTCUSDT",
        "price": "102999.60",
        "quantity": "0.002",
        "trade_time": 1746828173644,
        "is_buyer_maker": false,
        "l": 6285723704,
        "f": 6285723704
      },
      {
        "event": "",
        "event_time": 1746828173649,
        "agg_trade_id": 2710664939,
        "symbol": "BTCUSDT",
        "price": "102999.70",
        "quantity": "0.002",
        "trade_time": 1746828173644,
        "is_buyer_maker": false,
        "f": 6285723705,
        "l": 6285723705
      },
      {
        "event": "",
        "event_time": 1746828173654,
        "agg_trade_id": 2710664943,
        "symbol": "BTCUSDT",
        "price": "103001.60",
        "quantity": "0.002",
        "trade_time": 1746828173647,
        "is_buyer_maker": false,
        "l": 6285723713,
        "f": 6285723713
      },
      {
        "event": "",
        "event_time": 1746828173793,
        "agg_trade_id": 2710664949,
        "symbol": "BTCUSDT",
        "price": "103003.20",
        "quantity": "0.002",
        "trade_time": 1746828173789,
        "is_buyer_maker": false,
        "f": 6285723724,
        "l": 6285723724
      },
      {
        "event": "",
        "event_time": 1746828173832,
        "agg_trade_id": 2710664953,
        "symbol": "BTCUSDT",
        "price": "103004.90",
        "quantity": "0.002",
        "trade_time": 1746828173829,
        "is_buyer_maker": false,
        "l": 6285723731,
        "f": 6285723731
      },
      {
        "event": "",
        "event_time": 1746828173840,
        "agg_trade_id": 2710664954,
        "symbol": "BTCUSDT",
        "price": "103005.00",
        "quantity": "0.002",
        "trade_time": 1746828173829,
        "is_buyer_maker": false,
        "f": 6285723732,
        "l": 6285723732
      },
      {
        "event": "",
        "event_time": 1746828173840,
        "agg_trade_id": 2710664956,
        "symbol": "BTCUSDT",
        "price": "103007.90",
        "quantity": "0.002",
        "trade_time": 1746828173836,
        "is_buyer_maker": false,
        "f": 6285723735,
        "l": 6285723735
      },
      {
        "event": "",
        "event_time": 1746828173907,
        "agg_trade_id": 2710664959,
        "symbol": "BTCUSDT",
        "price": "103008.40",
        "quantity": "0.002",
        "trade_time": 1746828173903,
        "is_buyer_maker": false,
        "l": 6285723745,
        "f": 6285723745
      },
      {
        "event": "",
        "event_time": 1746828174400,
        "agg_trade_id": 2710664963,
        "symbol": "BTCUSDT",
        "price": "103009.10",
        "quantity": "0.002",
        "trade_time": 1746828174262,
        "is_buyer_maker": false,
        "f": 6285723754,
        "l": 6285723754
      },
      {
        "event": "",
        "event_time": 1746828174551,
        "agg_trade_id": 2710664964,
        "symbol": "BTCUSDT",
        "price": "103009.10",
        "quantity": "0.002",
        "trade_time": 1746828174397,
        "is_buyer_maker": false,
        "f": 6285723755,
        "l": 6285723755
      },
      {
        "event": "",
        "event_time": 1746828175400,
        "agg_trade_id": 2710664966,
        "symbol": "BTCUSDT",
        "price": "103009.10",
        "quantity": "0.002",
        "trade_time": 1746828175246,
        "is_buyer_maker": false,
        "l": 6285723757,
        "f": 6285723757
      },
      {
        "event": "",
        "event_time": 1746828176152,
        "agg_trade_id": 2710664975,
        "symbol": "BTCUSDT",
        "price": "103007.90",
        "quantity": "0.002",
        "trade_time": 1746828176138,
        "is_buyer_maker": true,
        "f": 6285723811,
        "l": 6285723811
      },
      {
        "event": "",
        "event_time": 1746828176152,
        "agg_trade_id": 2710664976,
        "symbol": "BTCUSDT",
        "price": "103006.00",
        "quantity": "0.002",
        "trade_time": 1746828176147,
        "is_buyer_maker": true,
        "f": 6285723812,
        "l": 6285723812
      },
      {
        "event": "",
        "event_time": 1746828176152,
        "agg_trade_id": 2710664977,
        "symbol": "BTCUSDT",
        "price": "103005.00",
        "quantity": "0.002",
        "trade_time": 1746828176147,
        "is_buyer_maker": true,
        "l": 6285723813,
        "f": 6285723813
      },
      {
        "event": "",
        "event_time": 1746828176157,
        "agg_trade_id": 2710664979,
        "symbol": "BTCUSDT",
        "price": "103003.90",
        "quantity": "0.002",
        "trade_time": 1746828176147,
        "is_buyer_maker": true,
        "f": 6285723816,
        "l": 6285723816
      },
      {
        "event": "",
        "event_time": 1746828176157,
        "agg_trade_id": 2710664983,
        "symbol": "BTCUSDT",
        "price": "103001.90",
        "quantity": "0.002",
        "trade_time": 1746828176152,
        "is_buyer_maker": true,
        "f": 6285723821,
        "l": 6285723821
      },
      {
        "event": "",
        "event_time": 1746828176157,
        "agg_trade_id": 2710664984,
        "symbol": "BTCUSDT",
        "price": "103001.80",
        "quantity": "0.002",
        "trade_time": 1746828176152,
        "is_buyer_maker": true,
        "f": 6285723822,
        "l": 6285723822
      },
      {
        "event": "",
        "event_time": 1746828176724,
        "agg_trade_id": 2710664989,
        "symbol": "BTCUSDT",
        "price": "103001.30",
        "quantity": "0.002",
        "trade_time": 1746828176569,
        "is_buyer_maker": false,
        "l": 6285723827,
        "f": 6285723827
      },
      {
        "event": "",
        "event_time": 1746828176930,
        "agg_trade_id": 2710664992,
        "symbol": "BTCUSDT",
        "price": "103001.10",
        "quantity": "0.002",
        "trade_time": 1746828176926,
        "is_buyer_maker": true,
        "f": 6285723840,
        "l": 6285723840
      },
      {
        "event": "",
        "event_time": 1746828176931,
        "agg_trade_id": 2710664993,
        "symbol": "BTCUSDT",
        "price": "103000.00",
        "quantity": "0.002",
        "trade_time": 1746828176926,
        "is_buyer_maker": true,
        "f": 6285723841,
        "l": 6285723842
      },
      {
        "event": "",
        "event_time": 1746828176931,
        "agg_trade_id": 2710664996,
        "symbol": "BTCUSDT",
        "price": "102998.90",
        "quantity": "0.002",
        "trade_time": 1746828176926,
        "is_buyer_maker": true,
        "l": 6285723847,
        "f": 6285723847
      },
      {
        "event": "",
        "event_time": 1746828176931,
        "agg_trade_id": 2710664998,
        "symbol": "BTCUSDT",
        "price": "102997.80",
        "quantity": "0.002",
        "trade_time": 1746828176926,
        "is_buyer_maker": true,
        "f": 6285723849,
        "l": 6285723849
      },
      {
        "event": "",
        "event_time": 1746828176976,
        "agg_trade_id": 2710665001,
        "symbol": "BTCUSDT",
        "price": "102995.20",
        "quantity": "0.002",
        "trade_time": 1746828176967,
        "is_buyer_maker": true,
        "l": 6285723853,
        "f": 6285723853
      },
      {
        "event": "",
        "event_time": 1746828176976,
        "agg_trade_id": 2710665003,
        "symbol": "BTCUSDT",
        "price": "102994.50",
        "quantity": "0.002",
        "trade_time": 1746828176967,
        "is_buyer_maker": true,
        "f": 6285723856,
        "l": 6285723856
      },
      {
        "event": "",
        "event_time": 1746828176976,
        "agg_trade_id": 2710665004,
        "symbol": "BTCUSDT",
        "price": "102994.20",
        "quantity": "0.002",
        "trade_time": 1746828176967,
        "is_buyer_maker": true,
        "l": 6285723857,
        "f": 6285723857
      },
      {
        "event": "",
        "event_time": 1746828176980,
        "agg_trade_id": 2710665005,
        "symbol": "BTCUSDT",
        "price": "102994.10",
        "quantity": "0.002",
        "trade_time": 1746828176967,
        "is_buyer_maker": true,
        "l": 6285723858,
        "f": 6285723858
      },
      {
        "event": "",
        "event_time": 1746828178172,
        "agg_trade_id": 2710665013,
        "symbol": "BTCUSDT",
        "price": "102994.20",
        "quantity": "0.002",
        "trade_time": 1746828178167,
        "is_buyer_maker": false,
        "l": 6285723896,
        "f": 6285723896
      },
      {
        "event": "",
        "event_time": 1746828178172,
        "agg_trade_id": 2710665014,
        "symbol": "BTCUSDT",
        "price": "102995.10",
        "quantity": "0.002",
        "trade_time": 1746828178168,
        "is_buyer_maker": false,
        "l": 6285723897,
        "f": 6285723897
      },
      {
        "event": "",
        "event_time": 1746828178172,
        "agg_trade_id": 2710665015,
        "symbol": "BTCUSDT",
        "price": "102995.20",
        "quantity": "0.002",
        "trade_time": 1746828178168,
        "is_buyer_maker": false,
        "f": 6285723898,
        "l": 6285723898
      },
      {
        "event": "",
        "event_time": 1746828178172,
        "agg_trade_id": 2710665016,
        "symbol": "BTCUSDT",
        "price": "102995.80",
        "quantity": "0.002",
        "trade_time": 1746828178168,
        "is_buyer_maker": false,
        "l": 6285723899,
        "f": 6285723899
      },
      {
        "event": "",
        "event_time": 1746828178174,
        "agg_trade_id": 2710665018,
        "symbol": "BTCUSDT",
        "price": "102998.30",
        "quantity": "0.002",
        "trade_time": 1746828178169,
        "is_buyer_maker": false,
        "f": 6285723901,
        "l": 6285723901
      },
      {
        "event": "",
        "event_time": 1746828178570,
        "agg_trade_id": 2710665022,
        "symbol": "BTCUSDT",
        "price": "103000.00",
        "quantity": "0.002",
        "trade_time": 1746828178416,
        "is_buyer_maker": false,
        "f": 6285723909,
        "l": 6285723909
      },
      {
        "event": "",
        "event_time": 1746828178791,
        "agg_trade_id": 2710665023,
        "symbol": "BTCUSDT",
        "price": "103000.00",
        "quantity": "0.002",
        "trade_time": 1746828178636,
        "is_buyer_maker": false,
        "f": 6285723910,
        "l": 6285723910
      },
      {
        "event": "",
        "event_time": 1746828179102,
        "agg_trade_id": 2710665024,
        "symbol": "BTCUSDT",
        "price": "103000.00",
        "quantity": "0.002",
        "trade_time": 1746828179000,
        "is_buyer_maker": false,
        "l": 6285723911,
        "f": 6285723911
      },
      {
        "event": "",
        "event_time": 1746828179260,
        "agg_trade_id": 2710665026,
        "symbol": "BTCUSDT",
        "price": "103000.00",
        "quantity": "0.002",
        "trade_time": 1746828179106,
        "is_buyer_maker": false,
        "f": 6285723913,
        "l": 6285723913
      },
      {
        "event": "",
        "event_time": 1746828180422,
        "agg_trade_id": 2710665032,
        "symbol": "BTCUSDT",
        "price": "102999.80",
        "quantity": "0.002",
        "trade_time": 1746828180418,
        "is_buyer_maker": true,
        "l": 6285723957,
        "f": 6285723957
      },
      {
        "event": "",
        "event_time": 1746828180422,
        "agg_trade_id": 2710665033,
        "symbol": "BTCUSDT",
        "price": "102999.70",
        "quantity": "0.002",
        "trade_time": 1746828180418,
        "is_buyer_maker": true,
        "l": 6285723958,
        "f": 6285723958
      },
      {
        "event": "",
        "event_time": 1746828180422,
        "agg_trade_id": 2710665034,
        "symbol": "BTCUSDT",
        "price": "102999.60",
        "quantity": "0.002",
        "trade_time": 1746828180418,
        "is_buyer_maker": true,
        "l": 6285723959,
        "f": 6285723959
      },
      {
        "event": "",
        "event_time": 1746828180434,
        "agg_trade_id": 2710665036,
        "symbol": "BTCUSDT",
        "price": "102998.70",
        "quantity": "0.002",
        "trade_time": 1746828180431,
        "is_buyer_maker": true,
        "l": 6285723961,
        "f": 6285723961
      },
      {
        "event": "",
        "event_time": 1746828180467,
        "agg_trade_id": 2710665037,
        "symbol": "BTCUSDT",
        "price": "102997.70",
        "quantity": "0.002",
        "trade_time": 1746828180431,
        "is_buyer_maker": true,
        "l": 6285723962,
        "f": 6285723962
      },
      {
        "event": "",
        "event_time": 1746828180468,
        "agg_trade_id": 2710665038,
        "symbol": "BTCUSDT",
        "price": "102996.80",
        "quantity": "0.002",
        "trade_time": 1746828180464,
        "is_buyer_maker": true,
        "l": 6285723963,
        "f": 6285723963
      },
      {
        "event": "",
        "event_time": 1746828180468,
        "agg_trade_id": 2710665039,
        "symbol": "BTCUSDT",
        "price": "102995.70",
        "quantity": "0.002",
        "trade_time": 1746828180464,
        "is_buyer_maker": true,
        "l": 6285723964,
        "f": 6285723964
      },
      {
        "event": "",
        "event_time": 1746828180481,
        "agg_trade_id": 2710665040,
        "symbol": "BTCUSDT",
        "price": "102995.20",
        "quantity": "0.002",
        "trade_time": 1746828180464,
        "is_buyer_maker": true,
        "f": 6285723965,
        "l": 6285723965
      },
      {
        "event": "",
        "event_time": 1746828180587,
        "agg_trade_id": 2710665044,
        "symbol": "BTCUSDT",
        "price": "102992.60",
        "quantity": "0.002",
        "trade_time": 1746828180577,
        "is_buyer_maker": true,
        "f": 6285723995,
        "l": 6285723995
      },
      {
        "event": "",
        "event_time": 1746828180587,
        "agg_trade_id": 2710665047,
        "symbol": "BTCUSDT",
        "price": "102990.50",
        "quantity": "0.002",
        "trade_time": 1746828180584,
        "is_buyer_maker": true,
        "l": 6285723999,
        "f": 6285723999
      },
      {
        "event": "",
        "event_time": 1746828180587,
        "agg_trade_id": 2710665049,
        "symbol": "BTCUSDT",
        "price": "102989.80",
        "quantity": "0.002",
        "trade_time": 1746828180584,
        "is_buyer_maker": true,
        "f": 6285724001,
        "l": 6285724001
      },
      {
        "event": "",
        "event_time": 1746828180587,
        "agg_trade_id": 2710665050,
        "symbol": "BTCUSDT",
        "price": "102989.60",
        "quantity": "0.002",
        "trade_time": 1746828180584,
        "is_buyer_maker": true,
        "f": 6285724002,
        "l": 6285724002
      },
      {
        "event": "",
        "event_time": 1746828180590,
        "agg_trade_id": 2710665051,
        "symbol": "BTCUSDT",
        "price": "102989.40",
        "quantity": "0.002",
        "trade_time": 1746828180584,
        "is_buyer_maker": true,
        "f": 6285724003,
        "l": 6285724003
      },
      {
        "event": "",
        "event_time": 1746828180590,
        "agg_trade_id": 2710665052,
        "symbol": "BTCUSDT",
        "price": "102988.60",
        "quantity": "0.002",
        "trade_time": 1746828180586,
        "is_buyer_maker": true,
        "l": 6285724004,
        "f": 6285724004
      },
      {
        "event": "",
        "event_time": 1746828180591,
        "agg_trade_id": 2710665054,
        "symbol": "BTCUSDT",
        "price": "102988.20",
        "quantity": "0.002",
        "trade_time": 1746828180586,
        "is_buyer_maker": true,
        "l": 6285724007,
        "f": 6285724006
      },
      {
        "event": "",
        "event_time": 1746828180591,
        "agg_trade_id": 2710665055,
        "symbol": "BTCUSDT",
        "price": "102987.90",
        "quantity": "0.002",
        "trade_time": 1746828180586,
        "is_buyer_maker": true,
        "l": 6285724008,
        "f": 6285724008
      },
      {
        "event": "",
        "event_time": 1746828180591,
        "agg_trade_id": 2710665056,
        "symbol": "BTCUSDT",
        "price": "102987.80",
        "quantity": "0.002",
        "trade_time": 1746828180586,
        "is_buyer_maker": true,
        "f": 6285724009,
        "l": 6285724009
      },
      {
        "event": "",
        "event_time": 1746828180632,
        "agg_trade_id": 2710665057,
        "symbol": "BTCUSDT",
        "price": "102987.50",
        "quantity": "0.002",
        "trade_time": 1746828180586,
        "is_buyer_maker": true,
        "l": 6285724011,
        "f": 6285724010
      },
      {
        "event": "",
        "event_time": 1746828180632,
        "agg_trade_id": 2710665058,
        "symbol": "BTCUSDT",
        "price": "102987.30",
        "quantity": "0.002",
        "trade_time": 1746828180628,
        "is_buyer_maker": true,
        "f": 6285724012,
        "l": 6285724012
      },
      {
        "event": "",
        "event_time": 1746828180632,
        "agg_trade_id": 2710665059,
        "symbol": "BTCUSDT",
        "price": "102986.50",
        "quantity": "0.002",
        "trade_time": 1746828180628,
        "is_buyer_maker": true,
        "f": 6285724013,
        "l": 6285724013
      },
      {
        "event": "",
        "event_time": 1746828180632,
        "agg_trade_id": 2710665060,
        "symbol": "BTCUSDT",
        "price": "102986.40",
        "quantity": "0.002",
        "trade_time": 1746828180628,
        "is_buyer_maker": true,
        "f": 6285724014,
        "l": 6285724014
      },
      {
        "event": "",
        "event_time": 1746828180675,
        "agg_trade_id": 2710665061,
        "symbol": "BTCUSDT",
        "price": "102986.20",
        "quantity": "0.002",
        "trade_time": 1746828180628,
        "is_buyer_maker": true,
        "f": 6285724015,
        "l": 6285724015
      },
      {
        "event": "",
        "event_time": 1746828180675,
        "agg_trade_id": 2710665062,
        "symbol": "BTCUSDT",
        "price": "102985.50",
        "quantity": "0.002",
        "trade_time": 1746828180672,
        "is_buyer_maker": true,
        "l": 6285724016,
        "f": 6285724016
      },
      {
        "event": "",
        "event_time": 1746828181428,
        "agg_trade_id": 2710665065,
        "symbol": "BTCUSDT",
        "price": "102984.50",
        "quantity": "0.002",
        "trade_time": 1746828181292,
        "is_buyer_maker": false,
        "f": 6285724019,
        "l": 6285724019
      },
      {
        "event": "",
        "event_time": 1746828181476,
        "agg_trade_id": 2710665066,
        "symbol": "BTCUSDT",
        "price": "102984.50",
        "quantity": "0.002",
        "trade_time": 1746828181424,
        "is_buyer_maker": false,
        "f": 6285724020,
        "l": 6285724020
      },
      {
        "event": "",
        "event_time": 1746828181866,
        "agg_trade_id": 2710665068,
        "symbol": "BTCUSDT",
        "price": "102984.50",
        "quantity": "0.002",
        "trade_time": 1746828181712,
        "is_buyer_maker": false,
        "f": 6285724022,
        "l": 6285724023
      },
      {
        "event": "",
        "event_time": 1746828183581,
        "agg_trade_id": 2710665071,
        "symbol": "BTCUSDT",
        "price": "102984.50",
        "quantity": "0.002",
        "trade_time": 1746828183427,
        "is_buyer_maker": false,
        "l": 6285724026,
        "f": 6285724026
      },
      {
        "event": "",
        "event_time": 1746828184585,
        "agg_trade_id": 2710665075,
        "symbol": "BTCUSDT",
        "price": "102983.90",
        "quantity": "0.002",
        "trade_time": 1746828184580,
        "is_buyer_maker": true,
        "f": 6285724060,
        "l": 6285724060
      },
      {
        "event": "",
        "event_time": 1746828184587,
        "agg_trade_id": 2710665077,
        "symbol": "BTCUSDT",
        "price": "102983.40",
        "quantity": "0.002",
        "trade_time": 1746828184580,
        "is_buyer_maker": true,
        "f": 6285724062,
        "l": 6285724062
      },
      {
        "event": "",
        "event_time": 1746828184587,
        "agg_trade_id": 2710665078,
        "symbol": "BTCUSDT",
        "price": "102982.40",
        "quantity": "0.002",
        "trade_time": 1746828184581,
        "is_buyer_maker": true,
        "f": 6285724063,
        "l": 6285724063
      },
      {
        "event": "",
        "event_time": 1746828184588,
        "agg_trade_id": 2710665081,
        "symbol": "BTCUSDT",
        "price": "102981.30",
        "quantity": "0.002",
        "trade_time": 1746828184582,
        "is_buyer_maker": true,
        "f": 6285724072,
        "l": 6285724072
      },
      {
        "event": "",
        "event_time": 1746828184613,
        "agg_trade_id": 2710665084,
        "symbol": "BTCUSDT",
        "price": "102979.30",
        "quantity": "0.002",
        "trade_time": 1746828184610,
        "is_buyer_maker": true,
        "f": 6285724077,
        "l": 6285724077
      },
      {
        "event": "",
        "event_time": 1746828184613,
        "agg_trade_id": 2710665085,
        "symbol": "BTCUSDT",
        "price": "102979.20",
        "quantity": "0.002",
        "trade_time": 1746828184610,
        "is_buyer_maker": true,
        "f": 6285724078,
        "l": 6285724078
      },
      {
        "event": "",
        "event_time": 1746828184637,
        "agg_trade_id": 2710665086,
        "symbol": "BTCUSDT",
        "price": "102979.00",
        "quantity": "0.002",
        "trade_time": 1746828184610,
        "is_buyer_maker": true,
        "f": 6285724079,
        "l": 6285724079
      },
      {
        "event": "",
        "event_time": 1746828184637,
        "agg_trade_id": 2710665087,
        "symbol": "BTCUSDT",
        "price": "102978.30",
        "quantity": "0.002",
        "trade_time": 1746828184634,
        "is_buyer_maker": true,
        "l": 6285724080,
        "f": 6285724080
      },
      {
        "event": "",
        "event_time": 1746828184637,
        "agg_trade_id": 2710665089,
        "symbol": "BTCUSDT",
        "price": "102977.20",
        "quantity": "0.002",
        "trade_time": 1746828184634,
        "is_buyer_maker": true,
        "l": 6285724082,
        "f": 6285724082
      },
      {
        "event": "",
        "event_time": 1746828184637,
        "agg_trade_id": 2710665090,
        "symbol": "BTCUSDT",
        "price": "102977.10",
        "quantity": "0.002",
        "trade_time": 1746828184634,
        "is_buyer_maker": true,
        "f": 6285724083,
        "l": 6285724083
      },
      {
        "event": "",
        "event_time": 1746828184637,
        "agg_trade_id": 2710665092,
        "symbol": "BTCUSDT",
        "price": "102976.70",
        "quantity": "0.002",
        "trade_time": 1746828184634,
        "is_buyer_maker": true,
        "f": 6285724085,
        "l": 6285724085
      },
      {
        "event": "",
        "event_time": 1746828184637,
        "agg_trade_id": 2710665094,
        "symbol": "BTCUSDT",
        "price": "102976.10",
        "quantity": "0.002",
        "trade_time": 1746828184634,
        "is_buyer_maker": true,
        "l": 6285724087,
        "f": 6285724087
      },
      {
        "event": "",
        "event_time": 1746828184637,
        "agg_trade_id": 2710665095,
        "symbol": "BTCUSDT",
        "price": "102975.60",
        "quantity": "0.002",
        "trade_time": 1746828184634,
        "is_buyer_maker": true,
        "f": 6285724088,
        "l": 6285724088
      },
      {
        "event": "",
        "event_time": 1746828184637,
        "agg_trade_id": 2710665096,
        "symbol": "BTCUSDT",
        "price": "102975.20",
        "quantity": "0.002",
        "trade_time": 1746828184634,
        "is_buyer_maker": true,
        "l": 6285724089,
        "f": 6285724089
      },
      {
        "event": "",
        "event_time": 1746828186140,
        "agg_trade_id": 2710665103,
        "symbol": "BTCUSDT",
        "price": "102974.40",
        "quantity": "0.002",
        "trade_time": 1746828186007,
        "is_buyer_maker": false,
        "f": 6285724103,
        "l": 6285724103
      },
      {
        "event": "",
        "event_time": 1746828186193,
        "agg_trade_id": 2710665104,
        "symbol": "BTCUSDT",
        "price": "102974.40",
        "quantity": "0.002",
        "trade_time": 1746828186137,
        "is_buyer_maker": false,
        "f": 6285724104,
        "l": 6285724104
      },
      {
        "event": "",
        "event_time": 1746828186310,
        "agg_trade_id": 2710665108,
        "symbol": "BTCUSDT",
        "price": "102975.60",
        "quantity": "0.002",
        "trade_time": 1746828186305,
        "is_buyer_maker": false,
        "f": 6285724151,
        "l": 6285724151
      },
      {
        "event": "",
        "event_time": 1746828186317,
        "agg_trade_id": 2710665111,
        "symbol": "BTCUSDT",
        "price": "102978.20",
        "quantity": "0.002",
        "trade_time": 1746828186313,
        "is_buyer_maker": false,
        "f": 6285724154,
        "l": 6285724154
      },
      {
        "event": "",
        "event_time": 1746828186317,
        "agg_trade_id": 2710665112,
        "symbol": "BTCUSDT",
        "price": "102978.40",
        "quantity": "0.002",
        "trade_time": 1746828186313,
        "is_buyer_maker": false,
        "f": 6285724155,
        "l": 6285724155
      },
      {
        "event": "",
        "event_time": 1746828186347,
        "agg_trade_id": 2710665116,
        "symbol": "BTCUSDT",
        "price": "102979.50",
        "quantity": "0.002",
        "trade_time": 1746828186315,
        "is_buyer_maker": false,
        "l": 6285724161,
        "f": 6285724161
      },
      {
        "event": "",
        "event_time": 1746828186347,
        "agg_trade_id": 2710665117,
        "symbol": "BTCUSDT",
        "price": "102980.00",
        "quantity": "0.002",
        "trade_time": 1746828186340,
        "is_buyer_maker": false,
        "f": 6285724162,
        "l": 6285724163
      },
      {
        "event": "",
        "event_time": 1746828186381,
        "agg_trade_id": 2710665120,
        "symbol": "BTCUSDT",
        "price": "102981.40",
        "quantity": "0.002",
        "trade_time": 1746828186372,
        "is_buyer_maker": false,
        "f": 6285724168,
        "l": 6285724168
      },
      {
        "event": "",
        "event_time": 1746828186406,
        "agg_trade_id": 2710665122,
        "symbol": "BTCUSDT",
        "price": "102982.30",
        "quantity": "0.002",
        "trade_time": 1746828186372,
        "is_buyer_maker": false,
        "l": 6285724170,
        "f": 6285724170
      },
      {
        "event": "",
        "event_time": 1746828186406,
        "agg_trade_id": 2710665124,
        "symbol": "BTCUSDT",
        "price": "102983.40",
        "quantity": "0.002",
        "trade_time": 1746828186402,
        "is_buyer_maker": false,
        "l": 6285724172,
        "f": 6285724172
      },
      {
        "event": "",
        "event_time": 1746828186467,
        "agg_trade_id": 2710665125,
        "symbol": "BTCUSDT",
        "price": "102983.70",
        "quantity": "0.002",
        "trade_time": 1746828186402,
        "is_buyer_maker": false,
        "l": 6285724173,
        "f": 6285724173
      },
      {
        "event": "",
        "event_time": 1746828186490,
        "agg_trade_id": 2710665127,
        "symbol": "BTCUSDT",
        "price": "102984.40",
        "quantity": "0.002",
        "trade_time": 1746828186481,
        "is_buyer_maker": false,
        "l": 6285724183,
        "f": 6285724183
      },
      {
        "event": "",
        "event_time": 1746828186497,
        "agg_trade_id": 2710665131,
        "symbol": "BTCUSDT",
        "price": "102986.30",
        "quantity": "0.002",
        "trade_time": 1746828186495,
        "is_buyer_maker": false,
        "f": 6285724190,
        "l": 6285724190
      },
      {
        "event": "",
        "event_time": 1746828186497,
        "agg_trade_id": 2710665133,
        "symbol": "BTCUSDT",
        "price": "102986.50",
        "quantity": "0.002",
        "trade_time": 1746828186495,
        "is_buyer_maker": false,
        "f": 6285724194,
        "l": 6285724194
      },
      {
        "event": "",
        "event_time": 1746828186497,
        "agg_trade_id": 2710665134,
        "symbol": "BTCUSDT",
        "price": "102986.90",
        "quantity": "0.002",
        "trade_time": 1746828186495,
        "is_buyer_maker": false,
        "f": 6285724195,
        "l": 6285724195
      },
      {
        "event": "",
        "event_time": 1746828186497,
        "agg_trade_id": 2710665135,
        "symbol": "BTCUSDT",
        "price": "102987.40",
        "quantity": "0.002",
        "trade_time": 1746828186495,
        "is_buyer_maker": false,
        "f": 6285724196,
        "l": 6285724196
      },
      {
        "event": "",
        "event_time": 1746828186687,
        "agg_trade_id": 2710665139,
        "symbol": "BTCUSDT",
        "price": "102988.20",
        "quantity": "0.002",
        "trade_time": 1746828186684,
        "is_buyer_maker": false,
        "l": 6285724202,
        "f": 6285724202
      },
      {
        "event": "",
        "event_time": 1746828186688,
        "agg_trade_id": 2710665140,
        "symbol": "BTCUSDT",
        "price": "102988.50",
        "quantity": "0.002",
        "trade_time": 1746828186684,
        "is_buyer_maker": false,
        "l": 6285724203,
        "f": 6285724203
      },
      {
        "event": "",
        "event_time": 1746828186688,
        "agg_trade_id": 2710665141,
        "symbol": "BTCUSDT",
        "price": "102989.50",
        "quantity": "0.002",
        "trade_time": 1746828186684,
        "is_buyer_maker": false,
        "f": 6285724204,
        "l": 6285724204
      },
      {
        "event": "",
        "event_time": 1746828186690,
        "agg_trade_id": 2710665146,
        "symbol": "BTCUSDT",
        "price": "102990.80",
        "quantity": "0.002",
        "trade_time": 1746828186684,
        "is_buyer_maker": false,
        "l": 6285724211,
        "f": 6285724211
      },
      {
        "event": "",
        "event_time": 1746828186690,
        "agg_trade_id": 2710665147,
        "symbol": "BTCUSDT",
        "price": "102991.50",
        "quantity": "0.002",
        "trade_time": 1746828186686,
        "is_buyer_maker": false,
        "f": 6285724212,
        "l": 6285724212
      },
      {
        "event": "",
        "event_time": 1746828186690,
        "agg_trade_id": 2710665148,
        "symbol": "BTCUSDT",
        "price": "102992.40",
        "quantity": "0.002",
        "trade_time": 1746828186686,
        "is_buyer_maker": false,
        "l": 6285724213,
        "f": 6285724213
      },
      {
        "event": "",
        "event_time": 1746828186841,
        "agg_trade_id": 2710665149,
        "symbol": "BTCUSDT",
        "price": "102992.60",
        "quantity": "0.002",
        "trade_time": 1746828186686,
        "is_buyer_maker": false,
        "l": 6285724214,
        "f": 6285724214
      },
      {
        "event": "",
        "event_time": 1746828187743,
        "agg_trade_id": 2710665153,
        "symbol": "BTCUSDT",
        "price": "102993.20",
        "quantity": "0.002",
        "trade_time": 1746828187733,
        "is_buyer_maker": false,
        "l": 6285724231,
        "f": 6285724231
      },
      {
        "event": "",
        "event_time": 1746828187743,
        "agg_trade_id": 2710665155,
        "symbol": "BTCUSDT",
        "price": "102996.00",
        "quantity": "0.002",
        "trade_time": 1746828187739,
        "is_buyer_maker": false,
        "f": 6285724233,
        "l": 6285724233
      },
      {
        "event": "",
        "event_time": 1746828187786,
        "agg_trade_id": 2710665160,
        "symbol": "BTCUSDT",
        "price": "102997.70",
        "quantity": "0.002",
        "trade_time": 1746828187782,
        "is_buyer_maker": false,
        "l": 6285724240,
        "f": 6285724240
      },
      {
        "event": "",
        "event_time": 1746828188287,
        "agg_trade_id": 2710665168,
        "symbol": "BTCUSDT",
        "price": "102999.60",
        "quantity": "0.002",
        "trade_time": 1746828188132,
        "is_buyer_maker": false,
        "f": 6285724252,
        "l": 6285724252
      },
      {
        "event": "",
        "event_time": 1746828189161,
        "agg_trade_id": 2710665174,
        "symbol": "BTCUSDT",
        "price": "102999.50",
        "quantity": "0.002",
        "trade_time": 1746828189038,
        "is_buyer_maker": true,
        "l": 6285724266,
        "f": 6285724266
      },
      {
        "event": "",
        "event_time": 1746828189312,
        "agg_trade_id": 2710665175,
        "symbol": "BTCUSDT",
        "price": "102999.60",
        "quantity": "0.002",
        "trade_time": 1746828189158,
        "is_buyer_maker": false,
        "l": 6285724267,
        "f": 6285724267
      },
      {
        "event": "",
        "event_time": 1746828190197,
        "agg_trade_id": 2710665178,
        "symbol": "BTCUSDT",
        "price": "102999.40",
        "quantity": "0.002",
        "trade_time": 1746828190189,
        "is_buyer_maker": true,
        "f": 6285724316,
        "l": 6285724316
      },
      {
        "event": "",
        "event_time": 1746828190197,
        "agg_trade_id": 2710665179,
        "symbol": "BTCUSDT",
        "price": "102998.90",
        "quantity": "0.002",
        "trade_time": 1746828190193,
        "is_buyer_maker": true,
        "l": 6285724317,
        "f": 6285724317
      },
      {
        "event": "",
        "event_time": 1746828190200,
        "agg_trade_id": 2710665180,
        "symbol": "BTCUSDT",
        "price": "102998.80",
        "quantity": "0.002",
        "trade_time": 1746828190193,
        "is_buyer_maker": true,
        "l": 6285724318,
        "f": 6285724318
      },
      {
        "event": "",
        "event_time": 1746828190200,
        "agg_trade_id": 2710665181,
        "symbol": "BTCUSDT",
        "price": "102997.50",
        "quantity": "0.002",
        "trade_time": 1746828190195,
        "is_buyer_maker": true,
        "f": 6285724319,
        "l": 6285724319
      },
      {
        "event": "",
        "event_time": 1746828190200,
        "agg_trade_id": 2710665182,
        "symbol": "BTCUSDT",
        "price": "102996.60",
        "quantity": "0.002",
        "trade_time": 1746828190195,
        "is_buyer_maker": true,
        "l": 6285724320,
        "f": 6285724320
      },
      {
        "event": "",
        "event_time": 1746828190203,
        "agg_trade_id": 2710665184,
        "symbol": "BTCUSDT",
        "price": "102996.00",
        "quantity": "0.002",
        "trade_time": 1746828190195,
        "is_buyer_maker": true,
        "l": 6285724324,
        "f": 6285724324
      },
      {
        "event": "",
        "event_time": 1746828190229,
        "agg_trade_id": 2710665186,
        "symbol": "BTCUSDT",
        "price": "102995.50",
        "quantity": "0.002",
        "trade_time": 1746828190198,
        "is_buyer_maker": true,
        "f": 6285724326,
        "l": 6285724326
      },
      {
        "event": "",
        "event_time": 1746828192762,
        "agg_trade_id": 2710665206,
        "symbol": "BTCUSDT",
        "price": "102989.40",
        "quantity": "0.002",
        "trade_time": 1746828192748,
        "is_buyer_maker": true,
        "f": 6285724380,
        "l": 6285724380
      },
      {
        "event": "",
        "event_time": 1746828192762,
        "agg_trade_id": 2710665207,
        "symbol": "BTCUSDT",
        "price": "102988.80",
        "quantity": "0.002",
        "trade_time": 1746828192760,
        "is_buyer_maker": true,
        "f": 6285724381,
        "l": 6285724381
      },
      {
        "event": "",
        "event_time": 1746828192762,
        "agg_trade_id": 2710665208,
        "symbol": "BTCUSDT",
        "price": "102988.60",
        "quantity": "0.002",
        "trade_time": 1746828192760,
        "is_buyer_maker": true,
        "l": 6285724382,
        "f": 6285724382
      },
      {
        "event": "",
        "event_time": 1746828192808,
        "agg_trade_id": 2710665211,
        "symbol": "BTCUSDT",
        "price": "102987.50",
        "quantity": "0.002",
        "trade_time": 1746828192805,
        "is_buyer_maker": true,
        "l": 6285724385,
        "f": 6285724385
      },
      {
        "event": "",
        "event_time": 1746828192808,
        "agg_trade_id": 2710665212,
        "symbol": "BTCUSDT",
        "price": "102987.00",
        "quantity": "0.002",
        "trade_time": 1746828192805,
        "is_buyer_maker": true,
        "f": 6285724386,
        "l": 6285724386
      },
      {
        "event": "",
        "event_time": 1746828192808,
        "agg_trade_id": 2710665213,
        "symbol": "BTCUSDT",
        "price": "102986.90",
        "quantity": "0.002",
        "trade_time": 1746828192805,
        "is_buyer_maker": true,
        "f": 6285724387,
        "l": 6285724387
      },
      {
        "event": "",
        "event_time": 1746828192808,
        "agg_trade_id": 2710665214,
        "symbol": "BTCUSDT",
        "price": "102986.50",
        "quantity": "0.002",
        "trade_time": 1746828192805,
        "is_buyer_maker": true,
        "l": 6285724388,
        "f": 6285724388
      },
      {
        "event": "",
        "event_time": 1746828192808,
        "agg_trade_id": 2710665215,
        "symbol": "BTCUSDT",
        "price": "102986.20",
        "quantity": "0.002",
        "trade_time": 1746828192805,
        "is_buyer_maker": true,
        "l": 6285724389,
        "f": 6285724389
      },
      {
        "event": "",
        "event_time": 1746828192808,
        "agg_trade_id": 2710665216,
        "symbol": "BTCUSDT",
        "price": "102986.00",
        "quantity": "0.002",
        "trade_time": 1746828192805,
        "is_buyer_maker": true,
        "l": 6285724390,
        "f": 6285724390
      },
      {
        "event": "",
        "event_time": 1746828192886,
        "agg_trade_id": 2710665219,
        "symbol": "BTCUSDT",
        "price": "102984.50",
        "quantity": "0.002",
        "trade_time": 1746828192805,
        "is_buyer_maker": true,
        "f": 6285724393,
        "l": 6285724393
      },
      {
        "event": "",
        "event_time": 1746828193043,
        "agg_trade_id": 2710665222,
        "symbol": "BTCUSDT",
        "price": "102984.60",
        "quantity": "0.002",
        "trade_time": 1746828193039,
        "is_buyer_maker": false,
        "f": 6285724415,
        "l": 6285724415
      },
      {
        "event": "",
        "event_time": 1746828193043,
        "agg_trade_id": 2710665223,
        "symbol": "BTCUSDT",
        "price": "102985.70",
        "quantity": "0.002",
        "trade_time": 1746828193039,
        "is_buyer_maker": false,
        "l": 6285724416,
        "f": 6285724416
      },
      {
        "event": "",
        "event_time": 1746828193068,
        "agg_trade_id": 2710665224,
        "symbol": "BTCUSDT",
        "price": "102985.80",
        "quantity": "0.002",
        "trade_time": 1746828193039,
        "is_buyer_maker": false,
        "l": 6285724417,
        "f": 6285724417
      },
      {
        "event": "",
        "event_time": 1746828193068,
        "agg_trade_id": 2710665225,
        "symbol": "BTCUSDT",
        "price": "102987.40",
        "quantity": "0.002",
        "trade_time": 1746828193064,
        "is_buyer_maker": false,
        "l": 6285724418,
        "f": 6285724418
      },
      {
        "event": "",
        "event_time": 1746828193088,
        "agg_trade_id": 2710665226,
        "symbol": "BTCUSDT",
        "price": "102987.70",
        "quantity": "0.002",
        "trade_time": 1746828193064,
        "is_buyer_maker": false,
        "f": 6285724419,
        "l": 6285724419
      },
      {
        "event": "",
        "event_time": 1746828193088,
        "agg_trade_id": 2710665227,
        "symbol": "BTCUSDT",
        "price": "102988.50",
        "quantity": "0.002",
        "trade_time": 1746828193085,
        "is_buyer_maker": false,
        "l": 6285724420,
        "f": 6285724420
      },
      {
        "event": "",
        "event_time": 1746828193088,
        "agg_trade_id": 2710665228,
        "symbol": "BTCUSDT",
        "price": "102988.70",
        "quantity": "0.002",
        "trade_time": 1746828193085,
        "is_buyer_maker": false,
        "f": 6285724421,
        "l": 6285724421
      },
      {
        "event": "",
        "event_time": 1746828193107,
        "agg_trade_id": 2710665229,
        "symbol": "BTCUSDT",
        "price": "102989.30",
        "quantity": "0.002",
        "trade_time": 1746828193085,
        "is_buyer_maker": false,
        "f": 6285724422,
        "l": 6285724422
      },
      {
        "event": "",
        "event_time": 1746828193600,
        "agg_trade_id": 2710665232,
        "symbol": "BTCUSDT",
        "price": "102989.50",
        "quantity": "0.002",
        "trade_time": 1746828193572,
        "is_buyer_maker": false,
        "f": 6285724428,
        "l": 6285724428
      },
      {
        "event": "",
        "event_time": 1746828193885,
        "agg_trade_id": 2710665234,
        "symbol": "BTCUSDT",
        "price": "102989.50",
        "quantity": "0.002",
        "trade_time": 1746828193751,
        "is_buyer_maker": false,
        "l": 6285724430,
        "f": 6285724430
      },
      {
        "event": "",
        "event_time": 1746828195482,
        "agg_trade_id": 2710665239,
        "symbol": "BTCUSDT",
        "price": "102989.50",
        "quantity": "0.002",
        "trade_time": 1746828195350,
        "is_buyer_maker": false,
        "l": 6285724448,
        "f": 6285724448
      },
      {
        "event": "",
        "event_time": 1746828197120,
        "agg_trade_id": 2710665247,
        "symbol": "BTCUSDT",
        "price": "102989.30",
        "quantity": "0.002",
        "trade_time": 1746828197114,
        "is_buyer_maker": true,
        "f": 6285724480,
        "l": 6285724480
      },
      {
        "event": "",
        "event_time": 1746828197120,
        "agg_trade_id": 2710665248,
        "symbol": "BTCUSDT",
        "price": "102988.40",
        "quantity": "0.002",
        "trade_time": 1746828197115,
        "is_buyer_maker": true,
        "l": 6285724481,
        "f": 6285724481
      },
      {
        "event": "",
        "event_time": 1746828197121,
        "agg_trade_id": 2710665249,
        "symbol": "BTCUSDT",
        "price": "102987.40",
        "quantity": "0.002",
        "trade_time": 1746828197116,
        "is_buyer_maker": true,
        "f": 6285724482,
        "l": 6285724482
      },
      {
        "event": "",
        "event_time": 1746828197121,
        "agg_trade_id": 2710665250,
        "symbol": "BTCUSDT",
        "price": "102987.20",
        "quantity": "0.002",
        "trade_time": 1746828197117,
        "is_buyer_maker": true,
        "l": 6285724483,
        "f": 6285724483
      },
      {
        "event": "",
        "event_time": 1746828197121,
        "agg_trade_id": 2710665251,
        "symbol": "BTCUSDT",
        "price": "102987.00",
        "quantity": "0.002",
        "trade_time": 1746828197117,
        "is_buyer_maker": true,
        "l": 6285724484,
        "f": 6285724484
      },
      {
        "event": "",
        "event_time": 1746828197121,
        "agg_trade_id": 2710665252,
        "symbol": "BTCUSDT",
        "price": "102986.50",
        "quantity": "0.002",
        "trade_time": 1746828197117,
        "is_buyer_maker": true,
        "f": 6285724485,
        "l": 6285724485
      },
      {
        "event": "",
        "event_time": 1746828197121,
        "agg_trade_id": 2710665253,
        "symbol": "BTCUSDT",
        "price": "102986.00",
        "quantity": "0.002",
        "trade_time": 1746828197117,
        "is_buyer_maker": true,
        "l": 6285724486,
        "f": 6285724486
      },
      {
        "event": "",
        "event_time": 1746828197121,
        "agg_trade_id": 2710665254,
        "symbol": "BTCUSDT",
        "price": "102985.50",
        "quantity": "0.002",
        "trade_time": 1746828197117,
        "is_buyer_maker": true,
        "f": 6285724487,
        "l": 6285724487
      },
      {
        "event": "",
        "event_time": 1746828197121,
        "agg_trade_id": 2710665255,
        "symbol": "BTCUSDT",
        "price": "102985.20",
        "quantity": "0.002",
        "trade_time": 1746828197117,
        "is_buyer_maker": true,
        "f": 6285724488,
        "l": 6285724488
      },
      {
        "event": "",
        "event_time": 1746828197121,
        "agg_trade_id": 2710665257,
        "symbol": "BTCUSDT",
        "price": "102984.30",
        "quantity": "0.002",
        "trade_time": 1746828197117,
        "is_buyer_maker": true,
        "f": 6285724492,
        "l": 6285724492
      },
      {
        "event": "",
        "event_time": 1746828197121,
        "agg_trade_id": 2710665259,
        "symbol": "BTCUSDT",
        "price": "102982.80",
        "quantity": "0.002",
        "trade_time": 1746828197117,
        "is_buyer_maker": true,
        "l": 6285724495,
        "f": 6285724495
      },
      {
        "event": "",
        "event_time": 1746828197121,
        "agg_trade_id": 2710665260,
        "symbol": "BTCUSDT",
        "price": "102982.60",
        "quantity": "0.002",
        "trade_time": 1746828197117,
        "is_buyer_maker": true,
        "f": 6285724496,
        "l": 6285724496
      },
      {
        "event": "",
        "event_time": 1746828197121,
        "agg_trade_id": 2710665261,
        "symbol": "BTCUSDT",
        "price": "102982.50",
        "quantity": "0.002",
        "trade_time": 1746828197117,
        "is_buyer_maker": true,
        "l": 6285724497,
        "f": 6285724497
      },
      {
        "event": "",
        "event_time": 1746828197121,
        "agg_trade_id": 2710665262,
        "symbol": "BTCUSDT",
        "price": "102982.40",
        "quantity": "0.002",
        "trade_time": 1746828197117,
        "is_buyer_maker": true,
        "l": 6285724498,
        "f": 6285724498
      },
      {
        "event": "",
        "event_time": 1746828197121,
        "agg_trade_id": 2710665264,
        "symbol": "BTCUSDT",
        "price": "102981.70",
        "quantity": "0.002",
        "trade_time": 1746828197117,
        "is_buyer_maker": true,
        "f": 6285724500,
        "l": 6285724500
      },
      {
        "event": "",
        "event_time": 1746828197272,
        "agg_trade_id": 2710665265,
        "symbol": "BTCUSDT",
        "price": "102981.40",
        "quantity": "0.002",
        "trade_time": 1746828197117,
        "is_buyer_maker": true,
        "l": 6285724501,
        "f": 6285724501
      },
      {
        "event": "",
        "event_time": 1746828197308,
        "agg_trade_id": 2710665267,
        "symbol": "BTCUSDT",
        "price": "102980.70",
        "quantity": "0.002",
        "trade_time": 1746828197303,
        "is_buyer_maker": true,
        "f": 6285724512,
        "l": 6285724512
      },
      {
        "event": "",
        "event_time": 1746828197308,
        "agg_trade_id": 2710665268,
        "symbol": "BTCUSDT",
        "price": "102980.50",
        "quantity": "0.002",
        "trade_time": 1746828197303,
        "is_buyer_maker": true,
        "f": 6285724513,
        "l": 6285724513
      },
      {
        "event": "",
        "event_time": 1746828197311,
        "agg_trade_id": 2710665270,
        "symbol": "BTCUSDT",
        "price": "102979.20",
        "quantity": "0.002",
        "trade_time": 1746828197303,
        "is_buyer_maker": true,
        "l": 6285724517,
        "f": 6285724517
      },
      {
        "event": "",
        "event_time": 1746828197311,
        "agg_trade_id": 2710665271,
        "symbol": "BTCUSDT",
        "price": "102978.00",
        "quantity": "0.002",
        "trade_time": 1746828197306,
        "is_buyer_maker": true,
        "l": 6285724518,
        "f": 6285724518
      },
      {
        "event": "",
        "event_time": 1746828197311,
        "agg_trade_id": 2710665274,
        "symbol": "BTCUSDT",
        "price": "102977.20",
        "quantity": "0.002",
        "trade_time": 1746828197306,
        "is_buyer_maker": true,
        "l": 6285724521,
        "f": 6285724521
      },
      {
        "event": "",
        "event_time": 1746828197311,
        "agg_trade_id": 2710665276,
        "symbol": "BTCUSDT",
        "price": "102976.30",
        "quantity": "0.002",
        "trade_time": 1746828197306,
        "is_buyer_maker": true,
        "f": 6285724524,
        "l": 6285724524
      },
      {
        "event": "",
        "event_time": 1746828197518,
        "agg_trade_id": 2710665282,
        "symbol": "BTCUSDT",
        "price": "102974.60",
        "quantity": "0.002",
        "trade_time": 1746828197514,
        "is_buyer_maker": true,
        "l": 6285724538,
        "f": 6285724538
      },
      {
        "event": "",
        "event_time": 1746828197518,
        "agg_trade_id": 2710665283,
        "symbol": "BTCUSDT",
        "price": "102974.20",
        "quantity": "0.002",
        "trade_time": 1746828197514,
        "is_buyer_maker": true,
        "l": 6285724539,
        "f": 6285724539
      },
      {
        "event": "",
        "event_time": 1746828197518,
        "agg_trade_id": 2710665284,
        "symbol": "BTCUSDT",
        "price": "102974.10",
        "quantity": "0.002",
        "trade_time": 1746828197514,
        "is_buyer_maker": true,
        "l": 6285724540,
        "f": 6285724540
      },
      {
        "event": "",
        "event_time": 1746828197518,
        "agg_trade_id": 2710665285,
        "symbol": "BTCUSDT",
        "price": "102973.50",
        "quantity": "0.002",
        "trade_time": 1746828197514,
        "is_buyer_maker": true,
        "l": 6285724541,
        "f": 6285724541
      },
      {
        "event": "",
        "event_time": 1746828197518,
        "agg_trade_id": 2710665286,
        "symbol": "BTCUSDT",
        "price": "102973.10",
        "quantity": "0.002",
        "trade_time": 1746828197514,
        "is_buyer_maker": true,
        "f": 6285724542,
        "l": 6285724542
      },
      {
        "event": "",
        "event_time": 1746828197528,
        "agg_trade_id": 2710665288,
        "symbol": "BTCUSDT",
        "price": "102972.10",
        "quantity": "0.002",
        "trade_time": 1746828197526,
        "is_buyer_maker": true,
        "f": 6285724544,
        "l": 6285724544
      },
      {
        "event": "",
        "event_time": 1746828197528,
        "agg_trade_id": 2710665289,
        "symbol": "BTCUSDT",
        "price": "102971.50",
        "quantity": "0.002",
        "trade_time": 1746828197526,
        "is_buyer_maker": true,
        "l": 6285724545,
        "f": 6285724545
      },
      {
        "event": "",
        "event_time": 1746828197529,
        "agg_trade_id": 2710665291,
        "symbol": "BTCUSDT",
        "price": "102971.10",
        "quantity": "0.002",
        "trade_time": 1746828197526,
        "is_buyer_maker": true,
        "f": 6285724547,
        "l": 6285724547
      },
      {
        "event": "",
        "event_time": 1746828197529,
        "agg_trade_id": 2710665292,
        "symbol": "BTCUSDT",
        "price": "102970.70",
        "quantity": "0.002",
        "trade_time": 1746828197526,
        "is_buyer_maker": true,
        "f": 6285724548,
        "l": 6285724548
      },
      {
        "event": "",
        "event_time": 1746828197529,
        "agg_trade_id": 2710665294,
        "symbol": "BTCUSDT",
        "price": "102969.80",
        "quantity": "0.002",
        "trade_time": 1746828197526,
        "is_buyer_maker": true,
        "f": 6285724553,
        "l": 6285724553
      },
      {
        "event": "",
        "event_time": 1746828197872,
        "agg_trade_id": 2710665298,
        "symbol": "BTCUSDT",
        "price": "102969.20",
        "quantity": "0.002",
        "trade_time": 1746828197868,
        "is_buyer_maker": true,
        "l": 6285724573,
        "f": 6285724573
      },
      {
        "event": "",
        "event_time": 1746828197872,
        "agg_trade_id": 2710665300,
        "symbol": "BTCUSDT",
        "price": "102969.00",
        "quantity": "0.002",
        "trade_time": 1746828197868,
        "is_buyer_maker": true,
        "f": 6285724575,
        "l": 6285724575
      },
      {
        "event": "",
        "event_time": 1746828197875,
        "agg_trade_id": 2710665301,
        "symbol": "BTCUSDT",
        "price": "102968.00",
        "quantity": "0.002",
        "trade_time": 1746828197869,
        "is_buyer_maker": true,
        "l": 6285724576,
        "f": 6285724576
      },
      {
        "event": "",
        "event_time": 1746828197875,
        "agg_trade_id": 2710665302,
        "symbol": "BTCUSDT",
        "price": "102967.10",
        "quantity": "0.002",
        "trade_time": 1746828197872,
        "is_buyer_maker": true,
        "l": 6285724577,
        "f": 6285724577
      },
      {
        "event": "",
        "event_time": 1746828198616,
        "agg_trade_id": 2710665304,
        "symbol": "BTCUSDT",
        "price": "102967.00",
        "quantity": "0.002",
        "trade_time": 1746828198460,
        "is_buyer_maker": false,
        "f": 6285724579,
        "l": 6285724579
      },
      {
        "event": "",
        "event_time": 1746828198778,
        "agg_trade_id": 2710665305,
        "symbol": "BTCUSDT",
        "price": "102967.00",
        "quantity": "0.002",
        "trade_time": 1746828198624,
        "is_buyer_maker": false,
        "l": 6285724580,
        "f": 6285724580
      },
      {
        "event": "",
        "event_time": 1746828199076,
        "agg_trade_id": 2710665306,
        "symbol": "BTCUSDT",
        "price": "102967.00",
        "quantity": "0.002",
        "trade_time": 1746828198921,
        "is_buyer_maker": false,
        "f": 6285724581,
        "l": 6285724581
      },
      {
        "event": "",
        "event_time": 1746828200036,
        "agg_trade_id": 2710665311,
        "symbol": "BTCUSDT",
        "price": "102967.00",
        "quantity": "0.002",
        "trade_time": 1746828200029,
        "is_buyer_maker": false,
        "l": 6285724587,
        "f": 6285724587
      },
      {
        "event": "",
        "event_time": 1746828200349,
        "agg_trade_id": 2710665313,
        "symbol": "BTCUSDT",
        "price": "102967.00",
        "quantity": "0.002",
        "trade_time": 1746828200196,
        "is_buyer_maker": false,
        "l": 6285724592,
        "f": 6285724592
      },
      {
        "event": "",
        "event_time": 1746828200419,
        "agg_trade_id": 2710665315,
        "symbol": "BTCUSDT",
        "price": "102966.80",
        "quantity": "0.002",
        "trade_time": 1746828200414,
        "is_buyer_maker": true,
        "f": 6285724620,
        "l": 6285724620
      },
      {
        "event": "",
        "event_time": 1746828200419,
        "agg_trade_id": 2710665317,
        "symbol": "BTCUSDT",
        "price": "102965.40",
        "quantity": "0.002",
        "trade_time": 1746828200414,
        "is_buyer_maker": true,
        "l": 6285724622,
        "f": 6285724622
      },
      {
        "event": "",
        "event_time": 1746828200420,
        "agg_trade_id": 2710665321,
        "symbol": "BTCUSDT",
        "price": "102964.60",
        "quantity": "0.002",
        "trade_time": 1746828200415,
        "is_buyer_maker": true,
        "l": 6285724627,
        "f": 6285724627
      },
      {
        "event": "",
        "event_time": 1746828200420,
        "agg_trade_id": 2710665322,
        "symbol": "BTCUSDT",
        "price": "102964.00",
        "quantity": "0.002",
        "trade_time": 1746828200415,
        "is_buyer_maker": true,
        "l": 6285724628,
        "f": 6285724628
      },
      {
        "event": "",
        "event_time": 1746828200420,
        "agg_trade_id": 2710665323,
        "symbol": "BTCUSDT",
        "price": "102963.90",
        "quantity": "0.002",
        "trade_time": 1746828200415,
        "is_buyer_maker": true,
        "l": 6285724629,
        "f": 6285724629
      },
      {
        "event": "",
        "event_time": 1746828200420,
        "agg_trade_id": 2710665325,
        "symbol": "BTCUSDT",
        "price": "102963.20",
        "quantity": "0.002",
        "trade_time": 1746828200415,
        "is_buyer_maker": true,
        "l": 6285724631,
        "f": 6285724631
      },
      {
        "event": "",
        "event_time": 1746828200420,
        "agg_trade_id": 2710665328,
        "symbol": "BTCUSDT",
        "price": "102962.40",
        "quantity": "0.002",
        "trade_time": 1746828200415,
        "is_buyer_maker": true,
        "l": 6285724634,
        "f": 6285724634
      },
      {
        "event": "",
        "event_time": 1746828200423,
        "agg_trade_id": 2710665329,
        "symbol": "BTCUSDT",
        "price": "102961.90",
        "quantity": "0.002",
        "trade_time": 1746828200415,
        "is_buyer_maker": true,
        "l": 6285724635,
        "f": 6285724635
      },
      {
        "event": "",
        "event_time": 1746828200423,
        "agg_trade_id": 2710665331,
        "symbol": "BTCUSDT",
        "price": "102961.60",
        "quantity": "0.002",
        "trade_time": 1746828200419,
        "is_buyer_maker": true,
        "l": 6285724637,
        "f": 6285724637
      },
      {
        "event": "",
        "event_time": 1746828200454,
        "agg_trade_id": 2710665335,
        "symbol": "BTCUSDT",
        "price": "102960.20",
        "quantity": "0.002",
        "trade_time": 1746828200452,
        "is_buyer_maker": true,
        "l": 6285724645,
        "f": 6285724645
      },
      {
        "event": "",
        "event_time": 1746828200503,
        "agg_trade_id": 2710665338,
        "symbol": "BTCUSDT",
        "price": "102958.90",
        "quantity": "0.002",
        "trade_time": 1746828200500,
        "is_buyer_maker": true,
        "f": 6285724653,
        "l": 6285724653
      },
      {
        "event": "",
        "event_time": 1746828200528,
        "agg_trade_id": 2710665340,
        "symbol": "BTCUSDT",
        "price": "102958.60",
        "quantity": "0.002",
        "trade_time": 1746828200500,
        "is_buyer_maker": true,
        "l": 6285724656,
        "f": 6285724656
      },
      {
        "event": "",
        "event_time": 1746828200528,
        "agg_trade_id": 2710665344,
        "symbol": "BTCUSDT",
        "price": "102957.40",
        "quantity": "0.002",
        "trade_time": 1746828200526,
        "is_buyer_maker": true,
        "f": 6285724660,
        "l": 6285724660
      },
      {
        "event": "",
        "event_time": 1746828200528,
        "agg_trade_id": 2710665345,
        "symbol": "BTCUSDT",
        "price": "102957.30",
        "quantity": "0.002",
        "trade_time": 1746828200526,
        "is_buyer_maker": true,
        "f": 6285724661,
        "l": 6285724661
      },
      {
        "event": "",
        "event_time": 1746828200528,
        "agg_trade_id": 2710665347,
        "symbol": "BTCUSDT",
        "price": "102956.70",
        "quantity": "0.002",
        "trade_time": 1746828200526,
        "is_buyer_maker": true,
        "f": 6285724663,
        "l": 6285724663
      },
      {
        "event": "",
        "event_time": 1746828200528,
        "agg_trade_id": 2710665349,
        "symbol": "BTCUSDT",
        "price": "102956.30",
        "quantity": "0.002",
        "trade_time": 1746828200526,
        "is_buyer_maker": true,
        "l": 6285724667,
        "f": 6285724667
      },
      {
        "event": "",
        "event_time": 1746828200528,
        "agg_trade_id": 2710665350,
        "symbol": "BTCUSDT",
        "price": "102956.00",
        "quantity": "0.002",
        "trade_time": 1746828200526,
        "is_buyer_maker": true,
        "l": 6285724668,
        "f": 6285724668
      },
      {
        "event": "",
        "event_time": 1746828200558,
        "agg_trade_id": 2710665352,
        "symbol": "BTCUSDT",
        "price": "102954.90",
        "quantity": "0.002",
        "trade_time": 1746828200526,
        "is_buyer_maker": true,
        "f": 6285724670,
        "l": 6285724670
      },
      {
        "event": "",
        "event_time": 1746828200790,
        "agg_trade_id": 2710665354,
        "symbol": "BTCUSDT",
        "price": "102954.20",
        "quantity": "0.002",
        "trade_time": 1746828200635,
        "is_buyer_maker": false,
        "f": 6285724676,
        "l": 6285724676
      },
      {
        "event": "",
        "event_time": 1746828201323,
        "agg_trade_id": 2710665356,
        "symbol": "BTCUSDT",
        "price": "102954.20",
        "quantity": "0.002",
        "trade_time": 1746828201169,
        "is_buyer_maker": false,
        "l": 6285724679,
        "f": 6285724679
      },
      {
        "event": "",
        "event_time": 1746828202516,
        "agg_trade_id": 2710665360,
        "symbol": "BTCUSDT",
        "price": "102954.20",
        "quantity": "0.002",
        "trade_time": 1746828202373,
        "is_buyer_maker": false,
        "l": 6285724683,
        "f": 6285724683
      },
      {
        "event": "",
        "event_time": 1746828202667,
        "agg_trade_id": 2710665361,
        "symbol": "BTCUSDT",
        "price": "102954.20",
        "quantity": "0.002",
        "trade_time": 1746828202513,
        "is_buyer_maker": false,
        "f": 6285724684,
        "l": 6285724684
      },
      {
        "event": "",
        "event_time": 1746828203624,
        "agg_trade_id": 2710665364,
        "symbol": "BTCUSDT",
        "price": "102954.20",
        "quantity": "0.002",
        "trade_time": 1746828203470,
        "is_buyer_maker": false,
        "l": 6285724687,
        "f": 6285724687
      },
      {
        "event": "",
        "event_time": 1746828203831,
        "agg_trade_id": 2710665366,
        "symbol": "BTCUSDT",
        "price": "102954.30",
        "quantity": "0.002",
        "trade_time": 1746828203829,
        "is_buyer_maker": false,
        "f": 6285724725,
        "l": 6285724725
      },
      {
        "event": "",
        "event_time": 1746828203836,
        "agg_trade_id": 2710665367,
        "symbol": "BTCUSDT",
        "price": "102954.70",
        "quantity": "0.002",
        "trade_time": 1746828203829,
        "is_buyer_maker": false,
        "f": 6285724726,
        "l": 6285724726
      },
      {
        "event": "",
        "event_time": 1746828203836,
        "agg_trade_id": 2710665368,
        "symbol": "BTCUSDT",
        "price": "102957.20",
        "quantity": "0.002",
        "trade_time": 1746828203834,
        "is_buyer_maker": false,
        "l": 6285724727,
        "f": 6285724727
      },
      {
        "event": "",
        "event_time": 1746828203836,
        "agg_trade_id": 2710665369,
        "symbol": "BTCUSDT",
        "price": "102957.60",
        "quantity": "0.002",
        "trade_time": 1746828203834,
        "is_buyer_maker": false,
        "l": 6285724728,
        "f": 6285724728
      },
      {
        "event": "",
        "event_time": 1746828203838,
        "agg_trade_id": 2710665370,
        "symbol": "BTCUSDT",
        "price": "102958.00",
        "quantity": "0.002",
        "trade_time": 1746828203834,
        "is_buyer_maker": false,
        "f": 6285724729,
        "l": 6285724729
      },
      {
        "event": "",
        "event_time": 1746828203852,
        "agg_trade_id": 2710665373,
        "symbol": "BTCUSDT",
        "price": "102959.10",
        "quantity": "0.002",
        "trade_time": 1746828203849,
        "is_buyer_maker": false,
        "l": 6285724733,
        "f": 6285724733
      },
      {
        "event": "",
        "event_time": 1746828203852,
        "agg_trade_id": 2710665374,
        "symbol": "BTCUSDT",
        "price": "102959.70",
        "quantity": "0.002",
        "trade_time": 1746828203849,
        "is_buyer_maker": false,
        "l": 6285724734,
        "f": 6285724734
      },
      {
        "event": "",
        "event_time": 1746828203852,
        "agg_trade_id": 2710665375,
        "symbol": "BTCUSDT",
        "price": "102960.00",
        "quantity": "0.002",
        "trade_time": 1746828203849,
        "is_buyer_maker": false,
        "l": 6285724736,
        "f": 6285724735
      },
      {
        "event": "",
        "event_time": 1746828203852,
        "agg_trade_id": 2710665376,
        "symbol": "BTCUSDT",
        "price": "102960.70",
        "quantity": "0.002",
        "trade_time": 1746828203849,
        "is_buyer_maker": false,
        "l": 6285724737,
        "f": 6285724737
      },
      {
        "event": "",
        "event_time": 1746828203852,
        "agg_trade_id": 2710665377,
        "symbol": "BTCUSDT",
        "price": "102961.70",
        "quantity": "0.002",
        "trade_time": 1746828203849,
        "is_buyer_maker": false,
        "l": 6285724738,
        "f": 6285724738
      },
      {
        "event": "",
        "event_time": 1746828203852,
        "agg_trade_id": 2710665378,
        "symbol": "BTCUSDT",
        "price": "102961.80",
        "quantity": "0.002",
        "trade_time": 1746828203849,
        "is_buyer_maker": false,
        "l": 6285724739,
        "f": 6285724739
      },
      {
        "event": "",
        "event_time": 1746828203853,
        "agg_trade_id": 2710665379,
        "symbol": "BTCUSDT",
        "price": "102962.80",
        "quantity": "0.002",
        "trade_time": 1746828203849,
        "is_buyer_maker": false,
        "f": 6285724740,
        "l": 6285724740
      },
      {
        "event": "",
        "event_time": 1746828205939,
        "agg_trade_id": 2710665387,
        "symbol": "BTCUSDT",
        "price": "102963.70",
        "quantity": "0.002",
        "trade_time": 1746828205785,
        "is_buyer_maker": false,
        "f": 6285724749,
        "l": 6285724749
      },
      {
        "event": "",
        "event_time": 1746828207197,
        "agg_trade_id": 2710665391,
        "symbol": "BTCUSDT",
        "price": "102963.70",
        "quantity": "0.002",
        "trade_time": 1746828207042,
        "is_buyer_maker": false,
        "l": 6285724753,
        "f": 6285724753
      },
      {
        "event": "",
        "event_time": 1746828207378,
        "agg_trade_id": 2710665392,
        "symbol": "BTCUSDT",
        "price": "102963.70",
        "quantity": "0.002",
        "trade_time": 1746828207224,
        "is_buyer_maker": false,
        "l": 6285724754,
        "f": 6285724754
      },
      {
        "event": "",
        "event_time": 1746828208636,
        "agg_trade_id": 2710665395,
        "symbol": "BTCUSDT",
        "price": "102963.70",
        "quantity": "0.002",
        "trade_time": 1746828208482,
        "is_buyer_maker": false,
        "f": 6285724779,
        "l": 6285724779
      },
      {
        "event": "",
        "event_time": 1746828209475,
        "agg_trade_id": 2710665398,
        "symbol": "BTCUSDT",
        "price": "102963.70",
        "quantity": "0.002",
        "trade_time": 1746828209402,
        "is_buyer_maker": false,
        "l": 6285724790,
        "f": 6285724790
      },
      {
        "event": "",
        "event_time": 1746828209693,
        "agg_trade_id": 2710665400,
        "symbol": "BTCUSDT",
        "price": "102963.70",
        "quantity": "0.002",
        "trade_time": 1746828209539,
        "is_buyer_maker": false,
        "l": 6285724792,
        "f": 6285724792
      },
      {
        "event": "",
        "event_time": 1746828211589,
        "agg_trade_id": 2710665403,
        "symbol": "BTCUSDT",
        "price": "102963.70",
        "quantity": "0.002",
        "trade_time": 1746828211436,
        "is_buyer_maker": false,
        "f": 6285724795,
        "l": 6285724795
      },
      {
        "event": "",
        "event_time": 1746828212069,
        "agg_trade_id": 2710665407,
        "symbol": "BTCUSDT",
        "price": "102963.80",
        "quantity": "0.002",
        "trade_time": 1746828212061,
        "is_buyer_maker": false,
        "l": 6285724831,
        "f": 6285724831
      },
      {
        "event": "",
        "event_time": 1746828212069,
        "agg_trade_id": 2710665408,
        "symbol": "BTCUSDT",
        "price": "102965.70",
        "quantity": "0.002",
        "trade_time": 1746828212067,
        "is_buyer_maker": false,
        "f": 6285724832,
        "l": 6285724832
      },
      {
        "event": "",
        "event_time": 1746828212069,
        "agg_trade_id": 2710665409,
        "symbol": "BTCUSDT",
        "price": "102965.80",
        "quantity": "0.002",
        "trade_time": 1746828212067,
        "is_buyer_maker": false,
        "f": 6285724833,
        "l": 6285724833
      },
      {
        "event": "",
        "event_time": 1746828212069,
        "agg_trade_id": 2710665410,
        "symbol": "BTCUSDT",
        "price": "102966.00",
        "quantity": "0.002",
        "trade_time": 1746828212067,
        "is_buyer_maker": false,
        "f": 6285724834,
        "l": 6285724834
      },
      {
        "event": "",
        "event_time": 1746828212085,
        "agg_trade_id": 2710665411,
        "symbol": "BTCUSDT",
        "price": "102966.80",
        "quantity": "0.002",
        "trade_time": 1746828212067,
        "is_buyer_maker": false,
        "f": 6285724835,
        "l": 6285724835
      },
      {
        "event": "",
        "event_time": 1746828212823,
        "agg_trade_id": 2710665416,
        "symbol": "BTCUSDT",
        "price": "102968.20",
        "quantity": "0.002",
        "trade_time": 1746828212670,
        "is_buyer_maker": false,
        "l": 6285724843,
        "f": 6285724843
      },
      {
        "event": "",
        "event_time": 1746828214410,
        "agg_trade_id": 2710665424,
        "symbol": "BTCUSDT",
        "price": "102968.20",
        "quantity": "0.002",
        "trade_time": 1746828214256,
        "is_buyer_maker": false,
        "f": 6285724860,
        "l": 6285724860
      },
      {
        "event": "",
        "event_time": 1746828214814,
        "agg_trade_id": 2710665425,
        "symbol": "BTCUSDT",
        "price": "102968.20",
        "quantity": "0.002",
        "trade_time": 1746828214658,
        "is_buyer_maker": false,
        "l": 6285724861,
        "f": 6285724861
      },
      {
        "event": "",
        "event_time": 1746828215945,
        "agg_trade_id": 2710665429,
        "symbol": "BTCUSDT",
        "price": "102968.10",
        "quantity": "0.002",
        "trade_time": 1746828215791,
        "is_buyer_maker": true,
        "f": 6285724866,
        "l": 6285724866
      },
      {
        "event": "",
        "event_time": 1746828216724,
        "agg_trade_id": 2710665431,
        "symbol": "BTCUSDT",
        "price": "102968.20",
        "quantity": "0.002",
        "trade_time": 1746828216570,
        "is_buyer_maker": false,
        "f": 6285724869,
        "l": 6285724869
      },
      {
        "event": "",
        "event_time": 1746828221159,
        "agg_trade_id": 2710665443,
        "symbol": "BTCUSDT",
        "price": "102968.20",
        "quantity": "0.002",
        "trade_time": 1746828221062,
        "is_buyer_maker": false,
        "f": 6285724891,
        "l": 6285724891
      },
      {
        "event": "",
        "event_time": 1746828221435,
        "agg_trade_id": 2710665445,
        "symbol": "BTCUSDT",
        "price": "102968.20",
        "quantity": "0.002",
        "trade_time": 1746828221281,
        "is_buyer_maker": false,
        "l": 6285724893,
        "f": 6285724893
      },
      {
        "event": "",
        "event_time": 1746828221594,
        "agg_trade_id": 2710665446,
        "symbol": "BTCUSDT",
        "price": "102968.10",
        "quantity": "0.002",
        "trade_time": 1746828221583,
        "is_buyer_maker": true,
        "l": 6285724894,
        "f": 6285724894
      },
      {
        "event": "",
        "event_time": 1746828225356,
        "agg_trade_id": 2710665458,
        "symbol": "BTCUSDT",
        "price": "102968.20",
        "quantity": "0.002",
        "trade_time": 1746828225202,
        "is_buyer_maker": false,
        "f": 6285724918,
        "l": 6285724918
      },
      {
        "event": "",
        "event_time": 1746828228226,
        "agg_trade_id": 2710665464,
        "symbol": "BTCUSDT",
        "price": "102968.20",
        "quantity": "0.002",
        "trade_time": 1746828228072,
        "is_buyer_maker": false,
        "l": 6285724954,
        "f": 6285724954
      },
      {
        "event": "",
        "event_time": 1746828228463,
        "agg_trade_id": 2710665465,
        "symbol": "BTCUSDT",
        "price": "102968.20",
        "quantity": "0.002",
        "trade_time": 1746828228309,
        "is_buyer_maker": false,
        "f": 6285724955,
        "l": 6285724955
      },
      {
        "event": "",
        "event_time": 1746828230606,
        "agg_trade_id": 2710665474,
        "symbol": "BTCUSDT",
        "price": "102968.20",
        "quantity": "0.002",
        "trade_time": 1746828230488,
        "is_buyer_maker": false,
        "f": 6285724972,
        "l": 6285724972
      },
      {
        "event": "",
        "event_time": 1746828232963,
