{
  "btcusdt": {
    "7.000": [
      {
        "event": "",
        "event_time": 1746843867931,
        "agg_trade_id": 2710749098,
        "symbol": "BTCUSDT",
        "price": "102975.50",
        "quantity": "7.000",
        "trade_time": 1746843867777,
        "is_buyer_maker": false,
        "l": 6285933777,
        "f": 6285933753
      },
      {
        "event": "",
        "event_time": 1746852311151,
        "agg_trade_id": 2710793727,
        "symbol": "BTCUSDT",
        "price": "103130.90",
        "quantity": "7.000",
        "trade_time": 1746852310996,
        "is_buyer_maker": true,
        "l": 6286038994,
        "f": 6286038976
      },
      {
        "event": "",
        "event_time": 1746864622974,
        "agg_trade_id": 2710919770,
        "symbol": "BTCUSDT",
        "price": "103825.10",
        "quantity": "7.000",
        "trade_time": 1746864622860,
        "is_buyer_maker": true,
        "l": 6286370657,
        "f": 6286370641
      },
      {
        "event": "",
        "event_time": 1746964298721,
        "agg_trade_id": 2712004295,
        "symbol": "BTCUSDT",
        "price": "104468.50",
        "quantity": "7.000",
        "trade_time": 1746964298661,
        "is_buyer_maker": false,
        "l": 6289051112,
        "f": 6289051101
      },
      {
        "event": "",
        "event_time": 1746965349630,
        "agg_trade_id": 2712017574,
        "symbol": "BTCUSDT",
        "price": "104863.30",
        "quantity": "7.000",
        "trade_time": 1746965349556,
        "is_buyer_maker": true,
        "f": 6289088476,
        "l": 6289088488
      },
      {
        "event": "",
        "event_time": 1746966954213,
        "agg_trade_id": 2712035064,
        "symbol": "BTCUSDT",
        "price": "104711.80",
        "quantity": "7.000",
        "trade_time": 1746966954059,
        "is_buyer_maker": false,
        "l": 6289133666,
        "f": 6289133651
      },
      {
        "event": "",
        "event_time": 1746970881776,
        "agg_trade_id": 2712079716,
        "symbol": "BTCUSDT",
        "price": "104272.40",
        "quantity": "7.000",
        "trade_time": 1746970881671,
        "is_buyer_maker": false,
        "l": 6289242884,
        "f": 6289242859
      },
      {
        "event": "",
        "event_time": 1746992484246,
        "agg_trade_id": 2712369931,
        "symbol": "BTCUSDT",
        "price": "104450.20",
        "quantity": "7.000",
        "trade_time": 1746992484091,
        "is_buyer_maker": false,
        "f": 6289964313,
        "l": 6289964331
      },
      {
        "event": "",
        "event_time": 1747009497555,
        "agg_trade_id": 2712547079,
        "symbol": "BTCUSDT",
        "price": "104294.90",
        "quantity": "7.000",
        "trade_time": 1747009497403,
        "is_buyer_maker": true,
        "f": 6290386506,
        "l": 6290386530
      },
      {
        "event": "",
        "event_time": 1747012368714,
        "agg_trade_id": 2712613783,
        "symbol": "BTCUSDT",
        "price": "104901.50",
        "quantity": "7.000",
        "trade_time": 1747012368560,
        "is_buyer_maker": false,
        "f": 6290554238,
        "l": 6290554265
      },
      {
        "event": "",
        "event_time": 1747019212270,
        "agg_trade_id": 2712721298,
        "symbol": "BTCUSDT",
        "price": "103669.90",
        "quantity": "7.000",
        "trade_time": 1747019212160,
        "is_buyer_maker": true,
        "l": 6290828401,
        "f": 6290828391
      },
      {
        "event": "",
        "event_time": 1747030022953,
        "agg_trade_id": 2712803315,
        "symbol": "BTCUSDT",
        "price": "103938.40",
        "quantity": "7.000",
        "trade_time": 1747030022798,
        "is_buyer_maker": false,
        "f": 6291031102,
        "l": 6291031158
      },
      {
        "event": "",
        "event_time": 1747033858227,
        "agg_trade_id": 2712931228,
        "symbol": "BTCUSDT",
        "price": "105402.80",
        "quantity": "7.000",
        "trade_time": 1747033858196,
        "is_buyer_maker": false,
        "l": 6291349374,
        "f": 6291349365
      },
      {
        "event": "",
        "event_time": 1747036405461,
        "agg_trade_id": 2713056041,
        "symbol": "BTCUSDT",
        "price": "104450.10",
        "quantity": "7.000",
        "trade_time": 1747036405456,
        "is_buyer_maker": false,
        "l": 6291648131,
        "f": 6291648106
      },
      {
        "event": "",
        "event_time": 1747091071969,
        "agg_trade_id": 2714225155,
        "symbol": "BTCUSDT",
        "price": "102919.90",
        "quantity": "7.000",
        "trade_time": 1747091071872,
        "is_buyer_maker": false,
        "l": 6294433732,
        "f": 6294433695
      },
      {
        "event": "",
        "event_time": 1747152722111,
        "agg_trade_id": 2715100169,
        "symbol": "BTCUSDT",
        "price": "103910.30",
        "quantity": "7.000",
        "trade_time": 1747152722034,
        "is_buyer_maker": false,
        "l": 6296596930,
        "f": 6296596918
      },
      {
        "event": "",
        "event_time": 1747165131650,
        "agg_trade_id": 2715281298,
        "symbol": "BTCUSDT",
        "price": "104714.40",
        "quantity": "7.000",
        "trade_time": 1747165131542,
        "is_buyer_maker": false,
        "f": 6297073199,
        "l": 6297073217
      },
      {
        "event": "",
        "event_time": 1747190412858,
        "agg_trade_id": 2715557823,
        "symbol": "BTCUSDT",
        "price": "103660.00",
        "quantity": "7.000",
        "trade_time": 1747190412705,
        "is_buyer_maker": true,
        "l": 6297794986,
        "f": 6297794917
      },
      {
        "event": "",
        "event_time": 1747190572394,
        "agg_trade_id": 2715558461,
        "symbol": "BTCUSDT",
        "price": "103671.20",
        "quantity": "7.000",
        "trade_time": 1747190572240,
        "is_buyer_maker": false,
        "l": 6297796661,
        "f": 6297796637
      },
      {
        "event": "",
        "event_time": 1747200415316,
        "agg_trade_id": 2715624672,
        "symbol": "BTCUSDT",
        "price": "103700.00",
        "quantity": "7.000",
        "trade_time": 1747200415161,
        "is_buyer_maker": true,
        "l": 6297963992,
        "f": 6297963975
      },
      {
        "event": "",
        "event_time": 1747202341272,
        "agg_trade_id": 2715637220,
        "symbol": "BTCUSDT",
        "price": "103819.00",
        "quantity": "7.000",
        "trade_time": 1747202341118,
        "is_buyer_maker": false,
        "f": 6297996313,
        "l": 6297996328
      },
      {
        "event": "",
        "event_time": 1747217005259,
        "agg_trade_id": 2715798988,
        "symbol": "BTCUSDT",
        "price": "103441.00",
        "quantity": "7.000",
        "trade_time": 1747217005104,
        "is_buyer_maker": true,
        "l": 6298404741,
        "f": 6298404724
      },
      {
        "event": "",
        "event_time": 1747289054186,
        "agg_trade_id": 2716563636,
        "symbol": "BTCUSDT",
        "price": "102405.60",
        "quantity": "7.000",
        "trade_time": 1747289054076,
        "is_buyer_maker": true,
        "f": 6300302488,
        "l": 6300302509
      },
      {
        "event": "",
        "event_time": 1747313688960,
        "agg_trade_id": 2716909442,
        "symbol": "BTCUSDT",
        "price": "102570.00",
        "quantity": "7.000",
        "trade_time": 1747313688931,
        "is_buyer_maker": false,
        "f": 6301174139,
        "l": 6301174164
      },
      {
        "event": "",
        "event_time": 1747329864367,
        "agg_trade_id": 2717329682,
        "symbol": "BTCUSDT",
        "price": "104017.60",
        "quantity": "7.000",
        "trade_time": 1747329864343,
        "is_buyer_maker": true,
        "l": 6302195038,
        "f": 6302195029
      },
      {
        "event": "",
        "event_time": 1747338323142,
        "agg_trade_id": 2717504404,
        "symbol": "BTCUSDT",
        "price": "103041.20",
        "quantity": "7.000",
        "trade_time": 1747338323020,
        "is_buyer_maker": true,
        "l": 6302623031,
        "f": 6302623024
      },
      {
        "event": "",
        "event_time": 1747360433041,
        "agg_trade_id": 2717769256,
        "symbol": "BTCUSDT",
        "price": "103897.00",
        "quantity": "7.000",
        "trade_time": 1747360432884,
        "is_buyer_maker": true,
        "l": 6303267039,
        "f": 6303267006
      },
      {
        "event": "",
        "event_time": 1747408375224,
        "agg_trade_id": 2718273728,
        "symbol": "BTCUSDT",
        "price": "104148.20",
        "quantity": "7.000",
        "trade_time": 1747408375067,
        "is_buyer_maker": false,
        "f": 6304566475,
        "l": 6304566501
      },
      {
        "event": "",
        "event_time": 1747417984080,
        "agg_trade_id": 2718427497,
        "symbol": "BTCUSDT",
        "price": "103880.50",
        "quantity": "7.000",
        "trade_time": 1747417983921,
        "is_buyer_maker": false,
        "f": 6304947794,
        "l": 6304947817
      },
      {
        "event": "",
        "event_time": 1747443980492,
        "agg_trade_id": 2718665260,
        "symbol": "BTCUSDT",
        "price": "102949.90",
        "quantity": "7.000",
        "trade_time": 1747443980341,
        "is_buyer_maker": false,
        "l": 6305508943,
        "f": 6305508892
      },
      {
        "event": "",
        "event_time": 1747470847406,
        "agg_trade_id": 2718931152,
        "symbol": "BTCUSDT",
        "price": "103465.00",
        "quantity": "7.000",
        "trade_time": 1747470847366,
        "is_buyer_maker": true,
        "f": 6306153736,
        "l": 6306153750
      },
      {
        "event": "",
        "event_time": 1747473321949,
        "agg_trade_id": 2718959439,
        "symbol": "BTCUSDT",
        "price": "103116.30",
        "quantity": "7.000",
        "trade_time": 1747473321794,
        "is_buyer_maker": false,
        "f": 6306223169,
        "l": 6306223182
      },
      {
        "event": "",
        "event_time": 1747502518026,
        "agg_trade_id": 2719226420,
        "symbol": "BTCUSDT",
        "price": "103157.70",
        "quantity": "7.000",
        "trade_time": 1747502517941,
        "is_buyer_maker": true,
        "l": 6306856090,
        "f": 6306856073
      },
      {
        "event": "",
        "event_time": 1747502536227,
        "agg_trade_id": 2719226777,
        "symbol": "BTCUSDT",
        "price": "103111.20",
        "quantity": "7.000",
        "trade_time": 1747502536071,
        "is_buyer_maker": true,
        "l": 6306857046,
        "f": 6306857030
      },
      {
        "event": "",
        "event_time": 1747530369899,
        "agg_trade_id": 2719443547,
        "symbol": "BTCUSDT",
        "price": "103287.40",
        "quantity": "7.000",
        "trade_time": 1747530369834,
        "is_buyer_maker": true,
        "f": 6307334841,
        "l": 6307334862
      },
      {
        "event": "",
        "event_time": 1747570079657,
        "agg_trade_id": 2719699905,
        "symbol": "BTCUSDT",
        "price": "103660.80",
        "quantity": "7.000",
        "trade_time": 1747570079532,
        "is_buyer_maker": false,
        "f": 6307941940,
        "l": 6307941974
      },
      {
        "event": "",
        "event_time": 1747590515226,
        "agg_trade_id": 2720120299,
        "symbol": "BTCUSDT",
        "price": "105251.00",
        "quantity": "7.000",
        "trade_time": 1747590515161,
        "is_buyer_maker": true,
        "f": 6309038277,
        "l": 6309038319
      },
      {
        "event": "",
        "event_time": 1747592214444,
        "agg_trade_id": 2720219518,
        "symbol": "BTCUSDT",
        "price": "104047.00",
        "quantity": "7.000",
        "trade_time": 1747592214432,
        "is_buyer_maker": true,
        "f": 6309286555,
        "l": 6309286583
      },
      {
        "event": "",
        "event_time": 1747601154380,
        "agg_trade_id": 2720438539,
        "symbol": "BTCUSDT",
        "price": "104098.70",
        "quantity": "7.000",
        "trade_time": 1747601154220,
        "is_buyer_maker": true,
        "f": 6309778734,
        "l": 6309778757
      },
      {
        "event": "",
        "event_time": 1747603605297,
        "agg_trade_id": 2720469048,
        "symbol": "BTCUSDT",
        "price": "104283.00",
        "quantity": "7.000",
        "trade_time": 1747603605229,
        "is_buyer_maker": true,
        "f": 6309850885,
        "l": 6309850906
      },
      {
        "event": "",
        "event_time": 1747610139255,
        "agg_trade_id": 2720650260,
        "symbol": "BTCUSDT",
        "price": "105569.80",
        "quantity": "7.000",
        "trade_time": 1747610139100,
        "is_buyer_maker": false,
        "l": 6310319831,
        "f": 6310319817
      },
      {
        "event": "",
        "event_time": 1747615430385,
        "agg_trade_id": 2720863366,
        "symbol": "BTCUSDT",
        "price": "105542.50",
        "quantity": "7.000",
        "trade_time": 1747615430229,
        "is_buyer_maker": false,
        "l": 6310868284,
        "f": 6310868256
      },
      {
        "event": "",
        "event_time": 1747616106326,
        "agg_trade_id": 2720887580,
        "symbol": "BTCUSDT",
        "price": "105327.70",
        "quantity": "7.000",
        "trade_time": 1747616106260,
        "is_buyer_maker": false,
        "f": 6310925184,
        "l": 6310925217
      },
      {
        "event": "",
        "event_time": 1747618787586,
        "agg_trade_id": 2720973776,
        "symbol": "BTCUSDT",
        "price": "104962.00",
        "quantity": "7.000",
        "trade_time": 1747618787429,
        "is_buyer_maker": true,
        "f": 6311120901,
        "l": 6311120925
      },
      {
        "event": "",
        "event_time": 1747619691089,
        "agg_trade_id": 2720989046,
        "symbol": "BTCUSDT",
        "price": "105131.40",
        "quantity": "7.000",
        "trade_time": 1747619690934,
        "is_buyer_maker": true,
        "f": 6311155488,
        "l": 6311155512
      },
      {
        "event": "",
        "event_time": 1747628339785,
        "agg_trade_id": 2721218585,
        "symbol": "BTCUSDT",
        "price": "103378.50",
        "quantity": "7.000",
        "trade_time": 1747628339738,
        "is_buyer_maker": true,
        "l": 6311749472,
        "f": 6311749449
      },
      {
        "event": "",
        "event_time": 1747631528932,
        "agg_trade_id": 2721313341,
        "symbol": "BTCUSDT",
        "price": "102977.50",
        "quantity": "7.000",
        "trade_time": 1747631528916,
        "is_buyer_maker": false,
        "f": 6311980757,
        "l": 6311980782
      },
      {
        "event": "",
        "event_time": 1747644443608,
        "agg_trade_id": 2721615407,
        "symbol": "BTCUSDT",
        "price": "103065.30",
        "quantity": "7.000",
        "trade_time": 1747644443546,
        "is_buyer_maker": true,
        "l": 6312711638,
        "f": 6312711600
      },
      {
        "event": "",
        "event_time": 1747651174756,
        "agg_trade_id": 2721709220,
        "symbol": "BTCUSDT",
        "price": "102932.90",
        "quantity": "7.000",
        "trade_time": 1747651174601,
        "is_buyer_maker": false,
        "f": 6312913774,
        "l": 6312913797
      },
      {
        "event": "",
        "event_time": 1747662922999,
        "agg_trade_id": 2721908653,
        "symbol": "BTCUSDT",
        "price": "103303.60",
        "quantity": "7.000",
        "trade_time": 1747662922929,
        "is_buyer_maker": false,
        "l": 6313370887,
        "f": 6313370878
      },
      {
        "event": "",
        "event_time": 1747667352830,
        "agg_trade_id": 2722050565,
        "symbol": "BTCUSDT",
        "price": "104478.40",
        "quantity": "7.000",
        "trade_time": 1747667352791,
        "is_buyer_maker": true,
        "f": 6313716658,
        "l": 6313716694
      },
      {
        "event": "",
        "event_time": 1747670360909,
        "agg_trade_id": 2722131774,
        "symbol": "BTCUSDT",
        "price": "104775.00",
        "quantity": "7.000",
        "trade_time": 1747670360840,
        "is_buyer_maker": true,
        "f": 6313920261,
        "l": 6313920300
      },
      {
        "event": "",
        "event_time": 1747702763878,
        "agg_trade_id": 2722700961,
        "symbol": "BTCUSDT",
        "price": "105667.60",
        "quantity": "7.000",
        "trade_time": 1747702763723,
        "is_buyer_maker": true,
        "f": 6315286676,
        "l": 6315286703
      },
      {
        "event": "",
        "event_time": 1747707206439,
        "agg_trade_id": 2722811163,
        "symbol": "BTCUSDT",
        "price": "106721.60",
        "quantity": "7.000",
        "trade_time": 1747707206283,
        "is_buyer_maker": false,
        "f": 6315547224,
        "l": 6315547262
      },
      {
        "event": "",
        "event_time": 1747709815163,
        "agg_trade_id": 2722868770,
        "symbol": "BTCUSDT",
        "price": "105969.10",
        "quantity": "7.000",
        "trade_time": 1747709815009,
        "is_buyer_maker": true,
        "l": 6315680079,
        "f": 6315680065
      },
      {
        "event": "",
        "event_time": 1747721317255,
        "agg_trade_id": 2723033633,
        "symbol": "BTCUSDT",
        "price": "105893.20",
        "quantity": "7.000",
        "trade_time": 1747721317176,
        "is_buyer_maker": false,
        "f": 6316069441,
        "l": 6316069460
      },
      {
        "event": "",
        "event_time": 1747722081693,
        "agg_trade_id": 2723045800,
        "symbol": "BTCUSDT",
        "price": "105524.80",
        "quantity": "7.000",
        "trade_time": 1747722081631,
        "is_buyer_maker": true,
        "l": 6316099195,
        "f": 6316099188
      },
      {
        "event": "",
        "event_time": 1747728048571,
        "agg_trade_id": 2723144597,
        "symbol": "BTCUSDT",
        "price": "104972.80",
        "quantity": "7.000",
        "trade_time": 1747728048556,
        "is_buyer_maker": false,
        "f": 6316345258,
        "l": 6316345284
      },
      {
        "event": "",
        "event_time": 1747733759084,
        "agg_trade_id": 2723216302,
        "symbol": "BTCUSDT",
        "price": "105311.50",
        "quantity": "7.000",
        "trade_time": 1747733759077,
        "is_buyer_maker": true,
        "l": 6316507987,
        "f": 6316507930
      },
      {
        "event": "",
        "event_time": 1747737223210,
        "agg_trade_id": 2723248056,
        "symbol": "BTCUSDT",
        "price": "105074.50",
        "quantity": "7.000",
        "trade_time": 1747737223199,
        "is_buyer_maker": true,
        "l": 6316579641,
        "f": 6316579597
      },
      {
        "event": "",
        "event_time": 1747737320810,
        "agg_trade_id": 2723249027,
        "symbol": "BTCUSDT",
        "price": "105047.90",
        "quantity": "7.000",
        "trade_time": 1747737320653,
        "is_buyer_maker": true,
        "f": 6316581881,
        "l": 6316581891
      },
      {
        "event": "",
        "event_time": 1747747855600,
        "agg_trade_id": 2723366694,
        "symbol": "BTCUSDT",
        "price": "104567.80",
        "quantity": "7.000",
        "trade_time": 1747747855470,
        "is_buyer_maker": false,
        "f": 6316870700,
        "l": 6316870725
      },
      {
        "event": "",
        "event_time": 1747748686032,
        "agg_trade_id": 2723403483,
        "symbol": "BTCUSDT",
        "price": "104196.40",
        "quantity": "7.000",
        "trade_time": 1747748685970,
        "is_buyer_maker": false,
        "l": 6316957210,
        "f": 6316957200
      },
      {
        "event": "",
        "event_time": 1747749046332,
        "agg_trade_id": 2723418082,
        "symbol": "BTCUSDT",
        "price": "104195.60",
        "quantity": "7.000",
        "trade_time": 1747749046325,
        "is_buyer_maker": false,
        "f": 6316991896,
        "l": 6316991907
      },
      {
        "event": "",
        "event_time": 1747751367103,
        "agg_trade_id": 2723482384,
        "symbol": "BTCUSDT",
        "price": "104680.70",
        "quantity": "7.000",
        "trade_time": 1747751366954,
        "is_buyer_maker": true,
        "f": 6317141087,
        "l": 6317141103
      },
      {
        "event": "",
        "event_time": 1747753622264,
        "agg_trade_id": 2723524672,
        "symbol": "BTCUSDT",
        "price": "104576.50",
        "quantity": "7.000",
        "trade_time": 1747753622190,
        "is_buyer_maker": false,
        "f": 6317234358,
        "l": 6317234370
      },
      {
        "event": "",
        "event_time": 1747758866553,
        "agg_trade_id": 2723620946,
        "symbol": "BTCUSDT",
        "price": "105275.50",
        "quantity": "7.000",
        "trade_time": 1747758866397,
        "is_buyer_maker": true,
        "f": 6317466478,
        "l": 6317466492
      },
      {
        "event": "",
        "event_time": 1747767280096,
        "agg_trade_id": 2723821540,
        "symbol": "BTCUSDT",
        "price": "105511.70",
        "quantity": "7.000",
        "trade_time": 1747767280044,
        "is_buyer_maker": true,
        "l": 6317941622,
        "f": 6317941607
      },
      {
        "event": "",
        "event_time": 1747796080552,
        "agg_trade_id": 2724421554,
        "symbol": "BTCUSDT",
        "price": "106873.10",
        "quantity": "7.000",
        "trade_time": 1747796080545,
        "is_buyer_maker": true,
        "f": 6319338149,
        "l": 6319338169
      },
      {
        "event": "",
        "event_time": 1747806100843,
        "agg_trade_id": 2724608899,
        "symbol": "BTCUSDT",
        "price": "107371.20",
        "quantity": "7.000",
        "trade_time": 1747806100719,
        "is_buyer_maker": true,
        "f": 6319784528,
        "l": 6319784528
      },
      {
        "event": "",
        "event_time": 1747814151916,
        "agg_trade_id": 2724818621,
        "symbol": "BTCUSDT",
        "price": "106629.50",
        "quantity": "7.000",
        "trade_time": 1747814151865,
        "is_buyer_maker": true,
        "f": 6320276058,
        "l": 6320276101
      },
      {
        "event": "",
        "event_time": 1747814722471,
        "agg_trade_id": 2724836474,
        "symbol": "BTCUSDT",
        "price": "106684.70",
        "quantity": "7.000",
        "trade_time": 1747814722358,
        "is_buyer_maker": false,
        "l": 6320316283,
        "f": 6320316276
      },
      {
        "event": "",
        "event_time": 1747815006196,
        "agg_trade_id": 2724841560,
        "symbol": "BTCUSDT",
        "price": "106622.80",
        "quantity": "7.000",
        "trade_time": 1747815006053,
        "is_buyer_maker": false,
        "f": 6320327386,
        "l": 6320327417
      },
      {
        "event": "",
        "event_time": 1747815248382,
        "agg_trade_id": 2724845054,
        "symbol": "BTCUSDT",
        "price": "106737.30",
        "quantity": "7.000",
        "trade_time": 1747815248255,
        "is_buyer_maker": false,
        "f": 6320335753,
        "l": 6320335795
      },
      {
        "event": "",
        "event_time": 1747819479387,
        "agg_trade_id": 2724914606,
        "symbol": "BTCUSDT",
        "price": "106324.50",
        "quantity": "7.000",
        "trade_time": 1747819479231,
        "is_buyer_maker": true,
        "l": 6320499957,
        "f": 6320499944
      },
      {
        "event": "",
        "event_time": 1747827050933,
        "agg_trade_id": 2725014429,
        "symbol": "BTCUSDT",
        "price": "106574.60",
        "quantity": "7.000",
        "trade_time": 1747827050778,
        "is_buyer_maker": false,
        "f": 6320736234,
        "l": 6320736246
      },
      {
        "event": "",
        "event_time": 1747828751835,
        "agg_trade_id": 2725030500,
        "symbol": "BTCUSDT",
        "price": "106498.70",
        "quantity": "7.000",
        "trade_time": 1747828751828,
        "is_buyer_maker": true,
        "f": 6320772658,
        "l": 6320772686
      },
      {
        "event": "",
        "event_time": 1747828751941,
        "agg_trade_id": 2725030501,
        "symbol": "BTCUSDT",
        "price": "106498.80",
        "quantity": "7.000",
        "trade_time": 1747828751829,
        "is_buyer_maker": false,
        "f": 6320772687,
        "l": 6320772723
      },
      {
        "event": "",
        "event_time": 1747829474394,
        "agg_trade_id": 2725038056,
        "symbol": "BTCUSDT",
        "price": "106392.80",
        "quantity": "7.000",
        "trade_time": 1747829474238,
        "is_buyer_maker": false,
        "l": 6320790150,
        "f": 6320790141
      },
      {
        "event": "",
        "event_time": 1747835886871,
        "agg_trade_id": 2725166403,
        "symbol": "BTCUSDT",
        "price": "107376.10",
        "quantity": "7.000",
        "trade_time": 1747835886721,
        "is_buyer_maker": false,
        "l": 6321089721,
        "f": 6321089707
      },
      {
        "event": "",
        "event_time": 1747836756415,
        "agg_trade_id": 2725204564,
        "symbol": "BTCUSDT",
        "price": "107262.10",
        "quantity": "7.000",
        "trade_time": 1747836756371,
        "is_buyer_maker": false,
        "f": 6321171163,
        "l": 6321171200
      },
      {
        "event": "",
        "event_time": 1747846984537,
        "agg_trade_id": 2725819394,
        "symbol": "BTCUSDT",
        "price": "109003.10",
        "quantity": "7.000",
        "trade_time": 1747846984493,
        "is_buyer_maker": false,
        "f": 6322625443,
        "l": 6322625465
      },
      {
        "event": "",
        "event_time": 1747849160823,
        "agg_trade_id": 2726079132,
        "symbol": "BTCUSDT",
        "price": "107378.30",
        "quantity": "7.000",
        "trade_time": 1747849160808,
        "is_buyer_maker": true,
        "f": 6323173708,
        "l": 6323173725
      },
      {
        "event": "",
        "event_time": 1747853974619,
        "agg_trade_id": 2726411876,
        "symbol": "BTCUSDT",
        "price": "106919.90",
        "quantity": "7.000",
        "trade_time": 1747853974597,
        "is_buyer_maker": true,
        "f": 6323870150,
        "l": 6323870167
      },
      {
        "event": "",
        "event_time": 1747866089339,
        "agg_trade_id": 2726720996,
        "symbol": "BTCUSDT",
        "price": "108425.60",
        "quantity": "7.000",
        "trade_time": 1747866089259,
        "is_buyer_maker": false,
        "f": 6324532595,
        "l": 6324532612
      },
      {
        "event": "",
        "event_time": 1747868799136,
        "agg_trade_id": 2726778126,
        "symbol": "BTCUSDT",
        "price": "108904.60",
        "quantity": "7.000",
        "trade_time": 1747868798981,
        "is_buyer_maker": false,
        "l": 6324652557,
        "f": 6324652548
      },
      {
        "event": "",
        "event_time": 1747870401477,
        "agg_trade_id": 2726927154,
        "symbol": "BTCUSDT",
        "price": "109479.00",
        "quantity": "7.000",
        "trade_time": 1747870401468,
        "is_buyer_maker": true,
        "l": 6324995342,
        "f": 6324995342
      }
    ],
    "10.002": [
      {
        "event": "",
        "event_time": 1746853717838,
        "agg_trade_id": 2710798771,
        "symbol": "BTCUSDT",
        "price": "103144.30",
        "quantity": "10.002",
        "trade_time": 1746853717682,
        "is_buyer_maker": true,
        "l": 6286050745,
        "f": 6286050723
      },
      {
        "event": "",
        "event_time": 1746863749842,
        "agg_trade_id": 2710903938,
        "symbol": "BTCUSDT",
        "price": "103775.70",
        "quantity": "10.002",
        "trade_time": 1746863749688,
        "is_buyer_maker": true,
        "l": 6286331196,
        "f": 6286331171
      },
      {
        "event": "",
        "event_time": 1746900158971,
        "agg_trade_id": 2711237502,
        "symbol": "BTCUSDT",
        "price": "103189.10",
        "quantity": "10.002",
        "trade_time": 1746900158882,
        "is_buyer_maker": false,
        "f": 6287155091,
        "l": 6287155115
      },
      {
        "event": "",
        "event_time": 1746900434271,
        "agg_trade_id": 2711240599,
        "symbol": "BTCUSDT",
        "price": "103214.60",
        "quantity": "10.002",
        "trade_time": 1746900434118,
        "is_buyer_maker": true,
        "f": 6287161405,
        "l": 6287161461
      },
      {
        "event": "",
        "event_time": 1746919158030,
        "agg_trade_id": 2711417523,
        "symbol": "BTCUSDT",
        "price": "104776.50",
        "quantity": "10.002",
        "trade_time": 1746919158013,
        "is_buyer_maker": true,
        "l": 6287585971,
        "f": 6287585966
      },
      {
        "event": "",
        "event_time": 1746919477825,
        "agg_trade_id": 2711437593,
        "symbol": "BTCUSDT",
        "price": "104900.10",
        "quantity": "10.002",
        "trade_time": 1746919477772,
        "is_buyer_maker": true,
        "f": 6287632502,
        "l": 6287632545
      },
      {
        "event": "",
        "event_time": 1746919504469,
        "agg_trade_id": 2711440367,
        "symbol": "BTCUSDT",
        "price": "104912.10",
        "quantity": "10.002",
        "trade_time": 1746919504443,
        "is_buyer_maker": false,
        "l": 6287641291,
        "f": 6287641265
      },
      {
        "event": "",
        "event_time": 1746964446273,
        "agg_trade_id": 2712005176,
        "symbol": "BTCUSDT",
        "price": "104470.30",
        "quantity": "10.002",
        "trade_time": 1746964446118,
        "is_buyer_maker": false,
        "l": 6289053420,
        "f": 6289053393
      },
      {
        "event": "",
        "event_time": 1746964541801,
        "agg_trade_id": 2712006160,
        "symbol": "BTCUSDT",
        "price": "104516.10",
        "quantity": "10.002",
        "trade_time": 1746964541646,
        "is_buyer_maker": false,
        "l": 6289055966,
        "f": 6289055944
      },
      {
        "event": "",
        "event_time": 1746976397228,
        "agg_trade_id": 2712169757,
        "symbol": "BTCUSDT",
        "price": "104489.00",
        "quantity": "10.002",
        "trade_time": 1746976397223,
        "is_buyer_maker": false,
        "l": 6289482276,
        "f": 6289482275
      },
      {
        "event": "",
        "event_time": 1746995824178,
        "agg_trade_id": 2712397592,
        "symbol": "BTCUSDT",
        "price": "104364.60",
        "quantity": "10.002",
        "trade_time": 1746995824170,
        "is_buyer_maker": true,
        "f": 6290030611,
        "l": 6290030676
      },
      {
        "event": "",
        "event_time": 1747012184591,
        "agg_trade_id": 2712605902,
        "symbol": "BTCUSDT",
        "price": "104987.50",
        "quantity": "10.002",
        "trade_time": 1747012184480,
        "is_buyer_maker": false,
        "l": 6290534442,
        "f": 6290534417
      },
      {
        "event": "",
        "event_time": 1747031275817,
        "agg_trade_id": 2712813348,
        "symbol": "BTCUSDT",
        "price": "104180.20",
        "quantity": "10.002",
        "trade_time": 1747031275663,
        "is_buyer_maker": true,
        "f": 6291055524,
        "l": 6291055545
      },
      {
        "event": "",
        "event_time": 1747082136442,
        "agg_trade_id": 2714130946,
        "symbol": "BTCUSDT",
        "price": "102363.10",
        "quantity": "10.002",
        "trade_time": 1747082136393,
        "is_buyer_maker": false,
        "l": 6294203873,
        "f": 6294203837
      },
      {
        "event": "",
        "event_time": 1747082666924,
        "agg_trade_id": 2714141095,
        "symbol": "BTCUSDT",
        "price": "102490.70",
        "quantity": "10.002",
        "trade_time": 1747082666805,
        "is_buyer_maker": false,
        "f": 6294236980,
        "l": 6294237007
      },
      {
        "event": "",
        "event_time": 1747095376644,
        "agg_trade_id": 2714264251,
        "symbol": "BTCUSDT",
        "price": "102477.20",
        "quantity": "10.002",
        "trade_time": 1747095376514,
        "is_buyer_maker": false,
        "f": 6294537748,
        "l": 6294537781
      },
      {
        "event": "",
        "event_time": 1747106416030,
        "agg_trade_id": 2714446554,
        "symbol": "BTCUSDT",
        "price": "101905.90",
        "quantity": "10.002",
        "trade_time": 1747106416025,
        "is_buyer_maker": true,
        "f": 6294971912,
        "l": 6294971913
      },
      {
        "event": "",
        "event_time": 1747123065220,
        "agg_trade_id": 2714620170,
        "symbol": "BTCUSDT",
        "price": "102632.00",
        "quantity": "10.002",
        "trade_time": 1747123065091,
        "is_buyer_maker": false,
        "f": 6295408187,
        "l": 6295408233
      },
      {
        "event": "",
        "event_time": 1747164832249,
        "agg_trade_id": 2715275484,
        "symbol": "BTCUSDT",
        "price": "104666.10",
        "quantity": "10.002",
        "trade_time": 1747164832241,
        "is_buyer_maker": false,
        "l": 6297055715,
        "f": 6297055708
      },
      {
        "event": "",
        "event_time": 1747212107718,
        "agg_trade_id": 2715720736,
        "symbol": "BTCUSDT",
        "price": "103620.00",
        "quantity": "10.002",
        "trade_time": 1747212107565,
        "is_buyer_maker": false,
        "f": 6298203406,
        "l": 6298203424
      },
      {
        "event": "",
        "event_time": 1747222136669,
        "agg_trade_id": 2715853688,
        "symbol": "BTCUSDT",
        "price": "103860.00",
        "quantity": "10.002",
        "trade_time": 1747222136515,
        "is_buyer_maker": true,
        "l": 6298552938,
        "f": 6298552937
      },
      {
        "event": "",
        "event_time": 1747284290335,
        "agg_trade_id": 2716519325,
        "symbol": "BTCUSDT",
        "price": "102843.60",
        "quantity": "10.002",
        "trade_time": 1747284290327,
        "is_buyer_maker": true,
        "l": 6300181626,
        "f": 6300181624
      },
      {
        "event": "",
        "event_time": 1747301746855,
        "agg_trade_id": 2716724201,
        "symbol": "BTCUSDT",
        "price": "101701.70",
        "quantity": "10.002",
        "trade_time": 1747301746793,
        "is_buyer_maker": false,
        "f": 6300726676,
        "l": 6300726703
      },
      {
        "event": "",
        "event_time": 1747306217029,
        "agg_trade_id": 2716784554,
        "symbol": "BTCUSDT",
        "price": "101754.50",
        "quantity": "10.002",
        "trade_time": 1747306217024,
        "is_buyer_maker": true,
        "l": 6300873386,
        "f": 6300873354
      },
      {
        "event": "",
        "event_time": 1747358869597,
        "agg_trade_id": 2717749946,
        "symbol": "BTCUSDT",
        "price": "103720.30",
        "quantity": "10.002",
        "trade_time": 1747358869594,
        "is_buyer_maker": true,
        "f": 6303216896,
        "l": 6303216897
      },
      {
        "event": "",
        "event_time": 1747383964420,
        "agg_trade_id": 2717996694,
        "symbol": "BTCUSDT",
        "price": "103125.30",
        "quantity": "10.002",
        "trade_time": 1747383964340,
        "is_buyer_maker": false,
        "l": 6303868823,
        "f": 6303868797
      },
      {
        "event": "",
        "event_time": 1747394729686,
        "agg_trade_id": 2718101367,
        "symbol": "BTCUSDT",
        "price": "103600.20",
        "quantity": "10.002",
        "trade_time": 1747394729531,
        "is_buyer_maker": false,
        "l": 6304135471,
        "f": 6304135452
      },
      {
        "event": "",
        "event_time": 1747501208738,
        "agg_trade_id": 2719214804,
        "symbol": "BTCUSDT",
        "price": "102907.60",
        "quantity": "10.002",
        "trade_time": 1747501208582,
        "is_buyer_maker": false,
        "l": 6306829273,
        "f": 6306829227
      },
      {
        "event": "",
        "event_time": 1747502916344,
        "agg_trade_id": 2719229411,
        "symbol": "BTCUSDT",
        "price": "103158.40",
        "quantity": "10.002",
        "trade_time": 1747502916228,
        "is_buyer_maker": true,
        "f": 6306862858,
        "l": 6306862884
      },
      {
        "event": "",
        "event_time": 1747583130013,
        "agg_trade_id": 2719953814,
        "symbol": "BTCUSDT",
        "price": "105348.20",
        "quantity": "10.002",
        "trade_time": 1747583129919,
        "is_buyer_maker": true,
        "f": 6308624204,
        "l": 6308624255
      },
      {
        "event": "",
        "event_time": 1747591292052,
        "agg_trade_id": 2720150810,
        "symbol": "BTCUSDT",
        "price": "104600.00",
        "quantity": "10.002",
        "trade_time": 1747591292020,
        "is_buyer_maker": true,
        "f": 6309119765,
        "l": 6309119772
      },
      {
        "event": "",
        "event_time": 1747598826775,
        "agg_trade_id": 2720389260,
        "symbol": "BTCUSDT",
        "price": "103728.40",
        "quantity": "10.002",
        "trade_time": 1747598826720,
        "is_buyer_maker": true,
        "l": 6309666606,
        "f": 6309666581
      },
      {
        "event": "",
        "event_time": 1747607792252,
        "agg_trade_id": 2720568362,
        "symbol": "BTCUSDT",
        "price": "104926.90",
        "quantity": "10.002",
        "trade_time": 1747607792243,
        "is_buyer_maker": true,
        "l": 6310085619,
        "f": 6310085618
      },
      {
        "event": "",
        "event_time": 1747612151469,
        "agg_trade_id": 2720696138,
        "symbol": "BTCUSDT",
        "price": "105854.90",
        "quantity": "10.002",
        "trade_time": 1747612151314,
        "is_buyer_maker": true,
        "l": 6310431219,
        "f": 6310431218
      },
      {
        "event": "",
        "event_time": 1747636397481,
        "agg_trade_id": 2721434461,
        "symbol": "BTCUSDT",
        "price": "102303.60",
        "quantity": "10.002",
        "trade_time": 1747636397389,
        "is_buyer_maker": false,
        "l": 6312270921,
        "f": 6312270898
      },
      {
        "event": "",
        "event_time": 1747638786884,
        "agg_trade_id": 2721508323,
        "symbol": "BTCUSDT",
        "price": "102621.70",
        "quantity": "10.002",
        "trade_time": 1747638786727,
        "is_buyer_maker": false,
        "f": 6312450806,
        "l": 6312450842
      },
      {
        "event": "",
        "event_time": 1747644367027,
        "agg_trade_id": 2721614021,
        "symbol": "BTCUSDT",
        "price": "102913.20",
        "quantity": "10.002",
        "trade_time": 1747644366870,
        "is_buyer_maker": true,
        "l": 6312708424,
        "f": 6312708392
      },
      {
        "event": "",
        "event_time": 1747663301557,
        "agg_trade_id": 2721925448,
        "symbol": "BTCUSDT",
        "price": "103507.80",
        "quantity": "10.002",
        "trade_time": 1747663301551,
        "is_buyer_maker": false,
        "l": 6313411879,
        "f": 6313411878
      },
      {
        "event": "",
        "event_time": 1747669760150,
        "agg_trade_id": 2722118911,
        "symbol": "BTCUSDT",
        "price": "104840.90",
        "quantity": "10.002",
        "trade_time": 1747669760099,
        "is_buyer_maker": true,
        "f": 6313884248,
        "l": 6313884261
      },
      {
        "event": "",
        "event_time": 1747671005068,
        "agg_trade_id": 2722152226,
        "symbol": "BTCUSDT",
        "price": "104444.70",
        "quantity": "10.002",
        "trade_time": 1747671005058,
        "is_buyer_maker": true,
        "l": 6313970295,
        "f": 6313970277
      },
      {
        "event": "",
        "event_time": 1747674350858,
        "agg_trade_id": 2722234705,
        "symbol": "BTCUSDT",
        "price": "105435.50",
        "quantity": "10.002",
        "trade_time": 1747674350765,
        "is_buyer_maker": false,
        "f": 6314175986,
        "l": 6314176021
      },
      {
        "event": "",
        "event_time": 1747677692893,
        "agg_trade_id": 2722308037,
        "symbol": "BTCUSDT",
        "price": "105381.80",
        "quantity": "10.002",
        "trade_time": 1747677692835,
        "is_buyer_maker": false,
        "l": 6314349286,
        "f": 6314349269
      },
      {
        "event": "",
        "event_time": 1747682243543,
        "agg_trade_id": 2722378078,
        "symbol": "BTCUSDT",
        "price": "104934.60",
        "quantity": "10.002",
        "trade_time": 1747682243481,
        "is_buyer_maker": true,
        "f": 6314529139,
        "l": 6314529162
      },
      {
        "event": "",
        "event_time": 1747687279026,
        "agg_trade_id": 2722456833,
        "symbol": "BTCUSDT",
        "price": "105424.00",
        "quantity": "10.002",
        "trade_time": 1747687279018,
        "is_buyer_maker": false,
        "f": 6314712594,
        "l": 6314712599
      },
      {
        "event": "",
        "event_time": 1747688551407,
        "agg_trade_id": 2722474078,
        "symbol": "BTCUSDT",
        "price": "105399.90",
        "quantity": "10.002",
        "trade_time": 1747688551251,
        "is_buyer_maker": true,
        "f": 6314749022,
        "l": 6314749043
      },
      {
        "event": "",
        "event_time": 1747704987573,
        "agg_trade_id": 2722752508,
        "symbol": "BTCUSDT",
        "price": "106431.20",
        "quantity": "10.002",
        "trade_time": 1747704987561,
        "is_buyer_maker": false,
        "l": 6315399447,
        "f": 6315399420
      },
      {
        "event": "",
        "event_time": 1747723429960,
        "agg_trade_id": 2723066401,
        "symbol": "BTCUSDT",
        "price": "105476.10",
        "quantity": "10.002",
        "trade_time": 1747723429855,
        "is_buyer_maker": true,
        "l": 6316152364,
        "f": 6316152327
      },
      {
        "event": "",
        "event_time": 1747734287554,
        "agg_trade_id": 2723219961,
        "symbol": "BTCUSDT",
        "price": "105311.70",
        "quantity": "10.002",
        "trade_time": 1747734287400,
        "is_buyer_maker": true,
        "l": 6316515850,
        "f": 6316515817
      },
      {
        "event": "",
        "event_time": 1747761838671,
        "agg_trade_id": 2723694547,
        "symbol": "BTCUSDT",
        "price": "105929.70",
        "quantity": "10.002",
        "trade_time": 1747761838517,
        "is_buyer_maker": true,
        "l": 6317650205,
        "f": 6317650185
      },
      {
        "event": "",
        "event_time": 1747761913373,
        "agg_trade_id": 2723695961,
        "symbol": "BTCUSDT",
        "price": "105949.60",
        "quantity": "10.002",
        "trade_time": 1747761913340,
        "is_buyer_maker": false,
        "l": 6317653413,
        "f": 6317653363
      },
      {
        "event": "",
        "event_time": 1747763337822,
        "agg_trade_id": 2723725756,
        "symbol": "BTCUSDT",
        "price": "106227.30",
        "quantity": "10.002",
        "trade_time": 1747763337721,
        "is_buyer_maker": true,
        "l": 6317722879,
        "f": 6317722869
      },
      {
        "event": "",
        "event_time": 1747764599556,
        "agg_trade_id": 2723747988,
        "symbol": "BTCUSDT",
        "price": "106264.20",
        "quantity": "10.002",
        "trade_time": 1747764599428,
        "is_buyer_maker": true,
        "f": 6317774703,
        "l": 6317774743
      },
      {
        "event": "",
        "event_time": 1747799508718,
        "agg_trade_id": 2724463192,
        "symbol": "BTCUSDT",
        "price": "106993.80",
        "quantity": "10.002",
        "trade_time": 1747799508587,
        "is_buyer_maker": true,
        "l": 6319434219,
        "f": 6319434187
      },
      {
        "event": "",
        "event_time": 1747836055302,
        "agg_trade_id": 2725174393,
        "symbol": "BTCUSDT",
        "price": "107155.60",
        "quantity": "10.002",
        "trade_time": 1747836055295,
        "is_buyer_maker": false,
        "l": 6321108237,
        "f": 6321108236
      },
      {
        "event": "",
        "event_time": 1747837111057,
        "agg_trade_id": 2725218680,
        "symbol": "BTCUSDT",
        "price": "107485.10",
        "quantity": "10.002",
        "trade_time": 1747837110971,
        "is_buyer_maker": false,
        "l": 6321201600,
        "f": 6321201572
      },
      {
        "event": "",
        "event_time": 1747842834081,
        "agg_trade_id": 2725628189,
        "symbol": "BTCUSDT",
        "price": "108928.80",
        "quantity": "10.002",
        "trade_time": 1747842833935,
        "is_buyer_maker": true,
        "f": 6322202883,
        "l": 6322202913
      },
      {
        "event": "",
        "event_time": 1747846319696,
        "agg_trade_id": 2725786645,
        "symbol": "BTCUSDT",
        "price": "109533.60",
        "quantity": "10.002",
        "trade_time": 1747846319675,
        "is_buyer_maker": false,
        "f": 6322551489,
        "l": 6322551510
      },
      {
        "event": "",
        "event_time": 1747847448620,
        "agg_trade_id": 2725837628,
        "symbol": "BTCUSDT",
        "price": "108901.00",
        "quantity": "10.002",
        "trade_time": 1747847448611,
        "is_buyer_maker": false,
        "l": 6322666562,
        "f": 6322666550
      },
      {
        "event": "",
        "event_time": 1747848312189,
        "agg_trade_id": 2725905264,
        "symbol": "BTCUSDT",
        "price": "107757.20",
        "quantity": "10.002",
        "trade_time": 1747848312183,
        "is_buyer_maker": true,
        "f": 6322816667,
        "l": 6322816668
      },
      {
        "event": "",
        "event_time": 1747848635350,
        "agg_trade_id": 2725973009,
        "symbol": "BTCUSDT",
        "price": "106640.00",
        "quantity": "10.002",
        "trade_time": 1747848635347,
        "is_buyer_maker": true,
        "f": 6322962892,
        "l": 6322962894
      },
      {
        "event": "",
        "event_time": 1747848761083,
        "agg_trade_id": 2726006552,
        "symbol": "BTCUSDT",
        "price": "107348.00",
        "quantity": "10.002",
        "trade_time": 1747848761075,
        "is_buyer_maker": true,
        "f": 6323031518,
        "l": 6323031519
      },
      {
        "event": "",
        "event_time": 1747849623454,
        "agg_trade_id": 2726164173,
        "symbol": "BTCUSDT",
        "price": "106700.00",
        "quantity": "10.002",
        "trade_time": 1747849623451,
        "is_buyer_maker": true,
        "f": 6323341918,
        "l": 6323341920
      },
      {
        "event": "",
        "event_time": 1747857564657,
        "agg_trade_id": 2726568220,
        "symbol": "BTCUSDT",
        "price": "108709.30",
        "quantity": "10.002",
        "trade_time": 1747857564650,
        "is_buyer_maker": false,
        "f": 6324210879,
        "l": 6324210888
      },
      {
        "event": "",
        "event_time": 1747869926118,
        "agg_trade_id": 2726835573,
        "symbol": "BTCUSDT",
        "price": "110092.90",
        "quantity": "10.002",
        "trade_time": 1747869926115,
        "is_buyer_maker": false,
        "l": 6324800323,
        "f": 6324800322
      },
      {
        "event": "",
        "event_time": 1747870056273,
        "agg_trade_id": 2726865672,
        "symbol": "BTCUSDT",
        "price": "110701.10",
        "quantity": "10.002",
        "trade_time": 1747870056264,
        "is_buyer_maker": false,
        "l": 6324870031,
        "f": 6324870030
      }
    ],
    "5.002": [
      {
        "event": "",
        "event_time": 1746858108845,
        "agg_trade_id": 2710832587,
        "symbol": "BTCUSDT",
        "price": "103474.10",
        "quantity": "5.002",
        "trade_time": 1746858108691,
        "is_buyer_maker": true,
        "l": 6286140117,
        "f": 6286140108
      },
      {
        "event": "",
        "event_time": 1746858982036,
        "agg_trade_id": 2710846633,
        "symbol": "BTCUSDT",
        "price": "103729.90",
        "quantity": "5.002",
        "trade_time": 1746858981882,
        "is_buyer_maker": true,
        "f": 6286181071,
        "l": 6286181083
      },
      {
        "event": "",
        "event_time": 1746864443982,
        "agg_trade_id": 2710913897,
        "symbol": "BTCUSDT",
        "price": "103981.20",
        "quantity": "5.002",
        "trade_time": 1746864443928,
        "is_buyer_maker": false,
        "f": 6286356755,
        "l": 6286356764
      },
      {
        "event": "",
        "event_time": 1746920380490,
        "agg_trade_id": 2711477128,
        "symbol": "BTCUSDT",
        "price": "104508.90",
        "quantity": "5.002",
        "trade_time": 1746920380350,
        "is_buyer_maker": false,
        "f": 6287726071,
        "l": 6287726083
      },
      {
        "event": "",
        "event_time": 1746920870395,
        "agg_trade_id": 2711486504,
        "symbol": "BTCUSDT",
        "price": "104524.10",
        "quantity": "5.002",
        "trade_time": 1746920870241,
        "is_buyer_maker": true,
        "l": 6287747263,
        "f": 6287747235
      },
      {
        "event": "",
        "event_time": 1746920883694,
        "agg_trade_id": 2711486666,
        "symbol": "BTCUSDT",
        "price": "104539.90",
        "quantity": "5.002",
        "trade_time": 1746920883540,
        "is_buyer_maker": true,
        "f": 6287747754,
        "l": 6287747774
      },
      {
        "event": "",
        "event_time": 1746922472372,
        "agg_trade_id": 2711528163,
        "symbol": "BTCUSDT",
        "price": "104619.90",
        "quantity": "5.002",
        "trade_time": 1746922472218,
        "is_buyer_maker": false,
        "f": 6287842704,
        "l": 6287842720
      },
      {
        "event": "",
        "event_time": 1746930172437,
        "agg_trade_id": 2711661597,
        "symbol": "BTCUSDT",
        "price": "104167.50",
        "quantity": "5.002",
        "trade_time": 1746930172283,
        "is_buyer_maker": false,
        "f": 6288173996,
        "l": 6288174007
      },
      {
        "event": "",
        "event_time": 1746931886396,
        "agg_trade_id": 2711680153,
        "symbol": "BTCUSDT",
        "price": "103799.90",
        "quantity": "5.002",
        "trade_time": 1746931886357,
        "is_buyer_maker": true,
        "l": 6288218668,
        "f": 6288218654
      },
      {
        "event": "",
        "event_time": 1747001042103,
        "agg_trade_id": 2712438227,
        "symbol": "BTCUSDT",
        "price": "104148.80",
        "quantity": "5.002",
        "trade_time": 1747001041972,
        "is_buyer_maker": true,
        "f": 6290127348,
        "l": 6290127366
      },
      {
        "event": "",
        "event_time": 1747001059612,
        "agg_trade_id": 2712439039,
        "symbol": "BTCUSDT",
        "price": "104023.10",
        "quantity": "5.002",
        "trade_time": 1747001059593,
        "is_buyer_maker": true,
        "f": 6290129273,
        "l": 6290129285
      },
      {
        "event": "",
        "event_time": 1747007569639,
        "agg_trade_id": 2712521151,
        "symbol": "BTCUSDT",
        "price": "103996.30",
        "quantity": "5.002",
        "trade_time": 1747007569484,
        "is_buyer_maker": false,
        "l": 6290320490,
        "f": 6290320468
      },
      {
        "event": "",
        "event_time": 1747008402453,
        "agg_trade_id": 2712532083,
        "symbol": "BTCUSDT",
        "price": "104206.30",
        "quantity": "5.002",
        "trade_time": 1747008402298,
        "is_buyer_maker": false,
        "l": 6290346771,
        "f": 6290346756
      },
      {
        "event": "",
        "event_time": 1747013343257,
        "agg_trade_id": 2712637252,
        "symbol": "BTCUSDT",
        "price": "104258.80",
        "quantity": "5.002",
        "trade_time": 1747013343102,
        "is_buyer_maker": false,
        "l": 6290621330,
        "f": 6290621311
      },
      {
        "event": "",
        "event_time": 1747033684079,
        "agg_trade_id": 2712918197,
        "symbol": "BTCUSDT",
        "price": "105209.90",
        "quantity": "5.002",
        "trade_time": 1747033684052,
        "is_buyer_maker": true,
        "l": 6291319725,
        "f": 6291319704
      },
      {
        "event": "",
        "event_time": 1747033791926,
        "agg_trade_id": 2712927552,
        "symbol": "BTCUSDT",
        "price": "105288.30",
        "quantity": "5.002",
        "trade_time": 1747033791867,
        "is_buyer_maker": true,
        "l": 6291340612,
        "f": 6291340601
      },
      {
        "event": "",
        "event_time": 1747034701032,
        "agg_trade_id": 2712964478,
        "symbol": "BTCUSDT",
        "price": "105481.30",
        "quantity": "5.002",
        "trade_time": 1747034701028,
        "is_buyer_maker": true,
        "l": 6291428653,
        "f": 6291428651
      },
      {
        "event": "",
        "event_time": 1747035239279,
        "agg_trade_id": 2712986120,
        "symbol": "BTCUSDT",
        "price": "105354.70",
        "quantity": "5.002",
        "trade_time": 1747035239221,
        "is_buyer_maker": true,
        "f": 6291478275,
        "l": 6291478297
      },
      {
        "event": "",
        "event_time": 1747037878951,
        "agg_trade_id": 2713098729,
        "symbol": "BTCUSDT",
        "price": "104360.10",
        "quantity": "5.002",
        "trade_time": 1747037878948,
        "is_buyer_maker": false,
        "l": 6291748062,
        "f": 6291748061
      },
      {
        "event": "",
        "event_time": 1747076082163,
        "agg_trade_id": 2714017191,
        "symbol": "BTCUSDT",
        "price": "101409.50",
        "quantity": "5.002",
        "trade_time": 1747076082142,
        "is_buyer_maker": false,
        "l": 6293922789,
        "f": 6293922776
      },
      {
        "event": "",
        "event_time": 1747076434399,
        "agg_trade_id": 2714032425,
        "symbol": "BTCUSDT",
        "price": "101580.50",
        "quantity": "5.002",
        "trade_time": 1747076434269,
        "is_buyer_maker": false,
        "l": 6293962924,
        "f": 6293962903
      },
      {
        "event": "",
        "event_time": 1747082044460,
        "agg_trade_id": 2714129383,
        "symbol": "BTCUSDT",
        "price": "102312.60",
        "quantity": "5.002",
        "trade_time": 1747082044328,
        "is_buyer_maker": false,
        "l": 6294199224,
        "f": 6294199197
      },
      {
        "event": "",
        "event_time": 1747096798029,
        "agg_trade_id": 2714281725,
        "symbol": "BTCUSDT",
        "price": "102418.10",
        "quantity": "5.002",
        "trade_time": 1747096798026,
        "is_buyer_maker": false,
        "l": 6294584137,
        "f": 6294584135
      },
      {
        "event": "",
        "event_time": 1747098340699,
        "agg_trade_id": 2714303539,
        "symbol": "BTCUSDT",
        "price": "102518.70",
        "quantity": "5.002",
        "trade_time": 1747098340544,
        "is_buyer_maker": false,
        "l": 6294637850,
        "f": 6294637829
      },
      {
        "event": "",
        "event_time": 1747099417104,
        "agg_trade_id": 2714320685,
        "symbol": "BTCUSDT",
        "price": "102644.70",
        "quantity": "5.002",
        "trade_time": 1747099416950,
        "is_buyer_maker": false,
        "l": 6294676272,
        "f": 6294676265
      },
      {
        "event": "",
        "event_time": 1747106419860,
        "agg_trade_id": 2714446666,
        "symbol": "BTCUSDT",
        "price": "101883.80",
        "quantity": "5.002",
        "trade_time": 1747106419857,
        "is_buyer_maker": true,
        "l": 6294972115,
        "f": 6294972114
      },
      {
        "event": "",
        "event_time": 1747106894965,
        "agg_trade_id": 2714451460,
        "symbol": "BTCUSDT",
        "price": "101626.00",
        "quantity": "5.002",
        "trade_time": 1747106894885,
        "is_buyer_maker": true,
        "f": 6294984329,
        "l": 6294984338
      },
      {
        "event": "",
        "event_time": 1747118376297,
        "agg_trade_id": 2714585491,
        "symbol": "BTCUSDT",
        "price": "102508.80",
        "quantity": "5.002",
        "trade_time": 1747118376142,
        "is_buyer_maker": false,
        "l": 6295324592,
        "f": 6295324579
      },
      {
        "event": "",
        "event_time": 1747120886022,
        "agg_trade_id": 2714605410,
        "symbol": "BTCUSDT",
        "price": "102848.10",
        "quantity": "5.002",
        "trade_time": 1747120885889,
        "is_buyer_maker": false,
        "l": 6295374231,
        "f": 6295374210
      },
      {
        "event": "",
        "event_time": 1747151347813,
        "agg_trade_id": 2715080811,
        "symbol": "BTCUSDT",
        "price": "103500.00",
        "quantity": "5.002",
        "trade_time": 1747151347809,
        "is_buyer_maker": true,
        "l": 6296545743,
        "f": 6296545721
      },
      {
        "event": "",
        "event_time": 1747157072711,
        "agg_trade_id": 2715181832,
        "symbol": "BTCUSDT",
        "price": "103905.20",
        "quantity": "5.002",
        "trade_time": 1747157072557,
        "is_buyer_maker": false,
        "l": 6296814172,
        "f": 6296814153
      },
      {
        "event": "",
        "event_time": 1747158197431,
        "agg_trade_id": 2715195617,
        "symbol": "BTCUSDT",
        "price": "104026.00",
        "quantity": "5.002",
        "trade_time": 1747158197427,
        "is_buyer_maker": false,
        "l": 6296851728,
        "f": 6296851724
      },
      {
        "event": "",
        "event_time": 1747158199157,
        "agg_trade_id": 2715195632,
        "symbol": "BTCUSDT",
        "price": "104027.00",
        "quantity": "5.002",
        "trade_time": 1747158199003,
        "is_buyer_maker": false,
        "l": 6296851774,
        "f": 6296851763
      },
      {
        "event": "",
        "event_time": 1747158461064,
        "agg_trade_id": 2715198998,
        "symbol": "BTCUSDT",
        "price": "104153.00",
        "quantity": "5.002",
        "trade_time": 1747158461059,
        "is_buyer_maker": false,
        "f": 6296860943,
        "l": 6296860944
      },
      {
        "event": "",
        "event_time": 1747164683420,
        "agg_trade_id": 2715273599,
        "symbol": "BTCUSDT",
        "price": "104641.10",
        "quantity": "5.002",
        "trade_time": 1747164683266,
        "is_buyer_maker": true,
        "f": 6297049929,
        "l": 6297049930
      },
      {
        "event": "",
        "event_time": 1747181670125,
        "agg_trade_id": 2715459482,
        "symbol": "BTCUSDT",
        "price": "103923.40",
        "quantity": "5.002",
        "trade_time": 1747181670074,
        "is_buyer_maker": true,
        "f": 6297545629,
        "l": 6297545641
      },
      {
        "event": "",
        "event_time": 1747183482471,
        "agg_trade_id": 2715475801,
        "symbol": "BTCUSDT",
        "price": "103776.40",
        "quantity": "5.002",
        "trade_time": 1747183482316,
        "is_buyer_maker": true,
        "f": 6297589627,
        "l": 6297589682
      },
      {
        "event": "",
        "event_time": 1747217109800,
        "agg_trade_id": 2715799757,
        "symbol": "BTCUSDT",
        "price": "103462.50",
        "quantity": "5.002",
        "trade_time": 1747217109646,
        "is_buyer_maker": false,
        "f": 6298407202,
        "l": 6298407211
      },
      {
        "event": "",
        "event_time": 1747222794691,
        "agg_trade_id": 2715859818,
        "symbol": "BTCUSDT",
        "price": "104058.00",
        "quantity": "5.002",
        "trade_time": 1747222794543,
        "is_buyer_maker": false,
        "l": 6298570166,
        "f": 6298570155
      },
      {
        "event": "",
        "event_time": 1747227993092,
        "agg_trade_id": 2715911274,
        "symbol": "BTCUSDT",
        "price": "103832.70",
        "quantity": "5.002",
        "trade_time": 1747227993057,
        "is_buyer_maker": true,
        "f": 6298696086,
        "l": 6298696096
      },
      {
        "event": "",
        "event_time": 1747228071185,
        "agg_trade_id": 2715912350,
        "symbol": "BTCUSDT",
        "price": "103790.10",
        "quantity": "5.002",
        "trade_time": 1747228071030,
        "is_buyer_maker": false,
        "f": 6298698678,
        "l": 6298698688
      },
      {
        "event": "",
        "event_time": 1747229472365,
        "agg_trade_id": 2715928021,
        "symbol": "BTCUSDT",
        "price": "104007.90",
        "quantity": "5.002",
        "trade_time": 1747229472260,
        "is_buyer_maker": true,
        "l": 6298735136,
        "f": 6298735117
      },
      {
        "event": "",
        "event_time": 1747230695990,
        "agg_trade_id": 2715974013,
        "symbol": "BTCUSDT",
        "price": "103653.60",
        "quantity": "5.002",
        "trade_time": 1747230695983,
        "is_buyer_maker": true,
        "f": 6298842643,
        "l": 6298842647
      },
      {
        "event": "",
        "event_time": 1747233403240,
        "agg_trade_id": 2716054369,
        "symbol": "BTCUSDT",
        "price": "103150.00",
        "quantity": "5.002",
        "trade_time": 1747233403142,
        "is_buyer_maker": false,
        "l": 6299047487,
        "f": 6299047471
      },
      {
        "event": "",
        "event_time": 1747236073643,
        "agg_trade_id": 2716107377,
        "symbol": "BTCUSDT",
        "price": "103105.60",
        "quantity": "5.002",
        "trade_time": 1747236073559,
        "is_buyer_maker": false,
        "l": 6299179249,
        "f": 6299179226
      },
      {
        "event": "",
        "event_time": 1747240620282,
        "agg_trade_id": 2716167099,
        "symbol": "BTCUSDT",
        "price": "103445.40",
        "quantity": "5.002",
        "trade_time": 1747240620268,
        "is_buyer_maker": false,
        "l": 6299321235,
        "f": 6299321189
      },
      {
        "event": "",
        "event_time": 1747273670213,
        "agg_trade_id": 2716426054,
        "symbol": "BTCUSDT",
        "price": "103098.90",
        "quantity": "5.002",
        "trade_time": 1747273670074,
        "is_buyer_maker": true,
        "f": 6299943653,
        "l": 6299943668
      },
      {
        "event": "",
        "event_time": 1747275368564,
        "agg_trade_id": 2716446690,
        "symbol": "BTCUSDT",
        "price": "102936.90",
        "quantity": "5.002",
        "trade_time": 1747275368466,
        "is_buyer_maker": true,
        "l": 6299996136,
        "f": 6299996119
      },
      {
        "event": "",
        "event_time": 1747287547336,
        "agg_trade_id": 2716546851,
        "symbol": "BTCUSDT",
        "price": "102336.10",
        "quantity": "5.002",
        "trade_time": 1747287547323,
        "is_buyer_maker": false,
        "f": 6300259500,
        "l": 6300259552
      },
      {
        "event": "",
        "event_time": 1747290948863,
        "agg_trade_id": 2716584785,
        "symbol": "BTCUSDT",
        "price": "102367.20",
        "quantity": "5.002",
        "trade_time": 1747290948708,
        "is_buyer_maker": false,
        "f": 6300356568,
        "l": 6300356589
      },
      {
        "event": "",
        "event_time": 1747302586058,
        "agg_trade_id": 2716741164,
        "symbol": "BTCUSDT",
        "price": "101500.00",
        "quantity": "5.002",
        "trade_time": 1747302585964,
        "is_buyer_maker": false,
        "f": 6300769980,
        "l": 6300770010
      },
      {
        "event": "",
        "event_time": 1747303214453,
        "agg_trade_id": 2716752659,
        "symbol": "BTCUSDT",
        "price": "101762.60",
        "quantity": "5.002",
        "trade_time": 1747303214348,
        "is_buyer_maker": true,
        "f": 6300797825,
        "l": 6300797866
      },
      {
        "event": "",
        "event_time": 1747311334604,
        "agg_trade_id": 2716854983,
        "symbol": "BTCUSDT",
        "price": "102250.00",
        "quantity": "5.002",
        "trade_time": 1747311334597,
        "is_buyer_maker": true,
        "l": 6301043919,
        "f": 6301043914
      },
      {
        "event": "",
        "event_time": 1747316175428,
        "agg_trade_id": 2716949357,
        "symbol": "BTCUSDT",
        "price": "102338.50",
        "quantity": "5.002",
        "trade_time": 1747316175310,
        "is_buyer_maker": false,
        "f": 6301261204,
        "l": 6301261213
      },
      {
        "event": "",
        "event_time": 1747323216530,
        "agg_trade_id": 2717169834,
        "symbol": "BTCUSDT",
        "price": "102548.90",
        "quantity": "5.002",
        "trade_time": 1747323216366,
        "is_buyer_maker": false,
        "f": 6301787747,
        "l": 6301787760
      },
      {
        "event": "",
        "event_time": 1747323641662,
        "agg_trade_id": 2717179444,
        "symbol": "BTCUSDT",
        "price": "102749.40",
        "quantity": "5.002",
        "trade_time": 1747323641542,
        "is_buyer_maker": true,
        "f": 6301815093,
        "l": 6301815107
      },
      {
        "event": "",
        "event_time": 1747324843517,
        "agg_trade_id": 2717219154,
        "symbol": "BTCUSDT",
        "price": "103332.90",
        "quantity": "5.002",
        "trade_time": 1747324843360,
        "is_buyer_maker": false,
        "l": 6301919569,
        "f": 6301919551
      },
      {
        "event": "",
        "event_time": 1747325119853,
        "agg_trade_id": 2717226560,
        "symbol": "BTCUSDT",
        "price": "103162.30",
        "quantity": "5.002",
        "trade_time": 1747325119660,
        "is_buyer_maker": false,
        "f": 6301938100,
        "l": 6301938108
      },
      {
        "event": "",
        "event_time": 1747325266777,
        "agg_trade_id": 2717230146,
        "symbol": "BTCUSDT",
        "price": "103091.10",
        "quantity": "5.002",
        "trade_time": 1747325266622,
        "is_buyer_maker": true,
        "l": 6301946506,
        "f": 6301946496
      },
      {
        "event": "",
        "event_time": 1747329047818,
        "agg_trade_id": 2717311507,
        "symbol": "BTCUSDT",
        "price": "103650.10",
        "quantity": "5.002",
        "trade_time": 1747329047779,
        "is_buyer_maker": true,
        "f": 6302148520,
        "l": 6302148528
      },
      {
        "event": "",
        "event_time": 1747332139053,
        "agg_trade_id": 2717371289,
        "symbol": "BTCUSDT",
        "price": "103882.20",
        "quantity": "5.002",
        "trade_time": 1747332139034,
        "is_buyer_maker": false,
        "l": 6302296816,
        "f": 6302296786
      },
      {
        "event": "",
        "event_time": 1747334711136,
        "agg_trade_id": 2717423792,
        "symbol": "BTCUSDT",
        "price": "103290.50",
        "quantity": "5.002",
        "trade_time": 1747334710999,
        "is_buyer_maker": false,
        "f": 6302430967,
        "l": 6302430977
      },
      {
        "event": "",
        "event_time": 1747335172827,
        "agg_trade_id": 2717437031,
        "symbol": "BTCUSDT",
        "price": "102869.20",
        "quantity": "5.002",
        "trade_time": 1747335172808,
        "is_buyer_maker": false,
        "l": 6302462652,
        "f": 6302462640
      },
      {
        "event": "",
        "event_time": 1747342525039,
        "agg_trade_id": 2717563597,
        "symbol": "BTCUSDT",
        "price": "103325.50",
        "quantity": "5.002",
        "trade_time": 1747342524940,
        "is_buyer_maker": false,
        "l": 6302756809,
        "f": 6302756795
      },
      {
        "event": "",
        "event_time": 1747347529550,
        "agg_trade_id": 2717620098,
        "symbol": "BTCUSDT",
        "price": "103850.00",
        "quantity": "5.002",
        "trade_time": 1747347529433,
        "is_buyer_maker": false,
        "f": 6302894115,
        "l": 6302894154
      },
      {
        "event": "",
        "event_time": 1747360100695,
        "agg_trade_id": 2717766139,
        "symbol": "BTCUSDT",
        "price": "103920.00",
        "quantity": "5.002",
        "trade_time": 1747360100682,
        "is_buyer_maker": true,
        "l": 6303259510,
        "f": 6303259501
      },
      {
        "event": "",
        "event_time": 1747386741250,
        "agg_trade_id": 2718030970,
        "symbol": "BTCUSDT",
        "price": "103593.60",
        "quantity": "5.002",
        "trade_time": 1747386741085,
        "is_buyer_maker": false,
        "f": 6303966972,
        "l": 6303966984
      },
      {
        "event": "",
        "event_time": 1747387196684,
        "agg_trade_id": 2718035024,
        "symbol": "BTCUSDT",
        "price": "103572.90",
        "quantity": "5.002",
        "trade_time": 1747387196529,
        "is_buyer_maker": false,
        "l": 6303977013,
        "f": 6303976996
      },
      {
        "event": "",
        "event_time": 1747406679711,
        "agg_trade_id": 2718241218,
        "symbol": "BTCUSDT",
        "price": "103349.90",
        "quantity": "5.002",
        "trade_time": 1747406679688,
        "is_buyer_maker": false,
        "l": 6304481754,
        "f": 6304481744
      },
      {
        "event": "",
        "event_time": 1747412287605,
        "agg_trade_id": 2718350981,
        "symbol": "BTCUSDT",
        "price": "104158.40",
        "quantity": "5.002",
        "trade_time": 1747412287571,
        "is_buyer_maker": false,
        "l": 6304762478,
        "f": 6304762461
      },
      {
        "event": "",
        "event_time": 1747415294913,
        "agg_trade_id": 2718396385,
        "symbol": "BTCUSDT",
        "price": "103990.00",
        "quantity": "5.002",
        "trade_time": 1747415294755,
        "is_buyer_maker": false,
        "f": 6304875526,
        "l": 6304875537
      },
      {
        "event": "",
        "event_time": 1747415715472,
        "agg_trade_id": 2718400886,
        "symbol": "BTCUSDT",
        "price": "104106.50",
        "quantity": "5.002",
        "trade_time": 1747415715329,
        "is_buyer_maker": true,
        "f": 6304886217,
        "l": 6304886228
      },
      {
        "event": "",
        "event_time": 1747443144916,
        "agg_trade_id": 2718650490,
        "symbol": "BTCUSDT",
        "price": "103252.00",
        "quantity": "5.002",
        "trade_time": 1747443144879,
        "is_buyer_maker": false,
        "l": 6305472084,
        "f": 6305472082
      },
      {
        "event": "",
        "event_time": 1747453300582,
        "agg_trade_id": 2718794559,
        "symbol": "BTCUSDT",
        "price": "103373.10",
        "quantity": "5.002",
        "trade_time": 1747453300523,
        "is_buyer_maker": true,
        "l": 6305819809,
        "f": 6305819797
      },
      {
        "event": "",
        "event_time": 1747457259438,
        "agg_trade_id": 2718833163,
        "symbol": "BTCUSDT",
        "price": "103446.10",
        "quantity": "5.002",
        "trade_time": 1747457259424,
        "is_buyer_maker": true,
        "f": 6305914942,
        "l": 6305914959
      },
      {
        "event": "",
        "event_time": 1747468157152,
        "agg_trade_id": 2718902175,
        "symbol": "BTCUSDT",
        "price": "103389.30",
        "quantity": "5.002",
        "trade_time": 1747468157003,
        "is_buyer_maker": false,
        "l": 6306080234,
        "f": 6306080216
      },
      {
        "event": "",
        "event_time": 1747491316162,
        "agg_trade_id": 2719130458,
        "symbol": "BTCUSDT",
        "price": "102874.90",
        "quantity": "5.002",
        "trade_time": 1747491316154,
        "is_buyer_maker": true,
        "f": 6306641362,
        "l": 6306641367
      },
      {
        "event": "",
        "event_time": 1747492353363,
        "agg_trade_id": 2719139409,
        "symbol": "BTCUSDT",
        "price": "103038.00",
        "quantity": "5.002",
        "trade_time": 1747492353337,
        "is_buyer_maker": false,
        "f": 6306661861,
        "l": 6306661862
      },
      {
        "event": "",
        "event_time": 1747527501752,
        "agg_trade_id": 2719421413,
        "symbol": "BTCUSDT",
        "price": "103203.00",
        "quantity": "5.002",
        "trade_time": 1747527501597,
        "is_buyer_maker": false,
        "l": 6307285874,
        "f": 6307285855
      },
      {
        "event": "",
        "event_time": 1747555333488,
        "agg_trade_id": 2719593129,
        "symbol": "BTCUSDT",
        "price": "103998.40",
        "quantity": "5.002",
        "trade_time": 1747555333333,
        "is_buyer_maker": true,
        "l": 6307689685,
        "f": 6307689674
      },
      {
        "event": "",
        "event_time": 1747555383109,
        "agg_trade_id": 2719594197,
        "symbol": "BTCUSDT",
        "price": "103989.90",
        "quantity": "5.002",
        "trade_time": 1747555382952,
        "is_buyer_maker": true,
        "f": 6307692832,
        "l": 6307692841
      },
      {
        "event": "",
        "event_time": 1747555432570,
        "agg_trade_id": 2719595034,
        "symbol": "BTCUSDT",
        "price": "103955.60",
        "quantity": "5.002",
        "trade_time": 1747555432455,
        "is_buyer_maker": false,
        "f": 6307695140,
        "l": 6307695154
      },
      {
        "event": "",
        "event_time": 1747563190310,
        "agg_trade_id": 2719662949,
        "symbol": "BTCUSDT",
        "price": "103841.80",
        "quantity": "5.002",
        "trade_time": 1747563190154,
        "is_buyer_maker": false,
        "l": 6307859300,
        "f": 6307859284
      },
      {
        "event": "",
        "event_time": 1747576584799,
        "agg_trade_id": 2719765771,
        "symbol": "BTCUSDT",
        "price": "104349.10",
        "quantity": "5.002",
        "trade_time": 1747576584680,
        "is_buyer_maker": false,
        "f": 6308117965,
        "l": 6308117977
      },
      {
        "event": "",
        "event_time": 1747576725316,
        "agg_trade_id": 2719774763,
        "symbol": "BTCUSDT",
        "price": "104707.40",
        "quantity": "5.002",
        "trade_time": 1747576725305,
        "is_buyer_maker": true,
        "l": 6308141619,
        "f": 6308141618
      },
      {
        "event": "",
        "event_time": 1747578778025,
        "agg_trade_id": 2719822292,
        "symbol": "BTCUSDT",
        "price": "104802.40",
        "quantity": "5.002",
        "trade_time": 1747578777900,
        "is_buyer_maker": false,
        "l": 6308272022,
        "f": 6308272007
      },
      {
        "event": "",
        "event_time": 1747579127190,
        "agg_trade_id": 2719839474,
        "symbol": "BTCUSDT",
        "price": "105112.40",
        "quantity": "5.002",
        "trade_time": 1747579127062,
        "is_buyer_maker": false,
        "f": 6308322817,
        "l": 6308322824
      },
      {
        "event": "",
        "event_time": 1747588292191,
        "agg_trade_id": 2720071619,
        "symbol": "BTCUSDT",
        "price": "105778.90",
        "quantity": "5.002",
        "trade_time": 1747588292035,
        "is_buyer_maker": false,
        "f": 6308920707,
        "l": 6308920721
      },
      {
        "event": "",
        "event_time": 1747590881915,
        "agg_trade_id": 2720132626,
        "symbol": "BTCUSDT",
        "price": "105020.00",
        "quantity": "5.002",
        "trade_time": 1747590881900,
        "is_buyer_maker": true,
        "l": 6309073540,
        "f": 6309073538
      },
      {
        "event": "",
        "event_time": 1747594081226,
        "agg_trade_id": 2720274222,
        "symbol": "BTCUSDT",
        "price": "104528.00",
        "quantity": "5.002",
        "trade_time": 1747594081181,
        "is_buyer_maker": true,
        "l": 6309403980,
        "f": 6309403977
      },
      {
        "event": "",
        "event_time": 1747597174518,
        "agg_trade_id": 2720327208,
        "symbol": "BTCUSDT",
        "price": "104178.50",
        "quantity": "5.002",
        "trade_time": 1747597174512,
        "is_buyer_maker": true,
        "l": 6309517012,
        "f": 6309517011
      },
      {
        "event": "",
        "event_time": 1747600174230,
        "agg_trade_id": 2720422419,
        "symbol": "BTCUSDT",
        "price": "103900.00",
        "quantity": "5.002",
        "trade_time": 1747600174221,
        "is_buyer_maker": false,
        "f": 6309737751,
        "l": 6309737760
      },
      {
        "event": "",
        "event_time": 1747605751451,
        "agg_trade_id": 2720506390,
        "symbol": "BTCUSDT",
        "price": "103984.30",
        "quantity": "5.002",
        "trade_time": 1747605751429,
        "is_buyer_maker": false,
        "f": 6309936246,
        "l": 6309936277
      },
      {
        "event": "",
        "event_time": 1747607940943,
        "agg_trade_id": 2720571947,
        "symbol": "BTCUSDT",
        "price": "104999.10",
        "quantity": "5.002",
        "trade_time": 1747607940862,
        "is_buyer_maker": false,
        "f": 6310099759,
        "l": 6310099786
      },
      {
        "event": "",
        "event_time": 1747608123436,
        "agg_trade_id": 2720577440,
        "symbol": "BTCUSDT",
        "price": "105010.10",
        "quantity": "5.002",
        "trade_time": 1747608123355,
        "is_buyer_maker": false,
        "f": 6310110788,
        "l": 6310110801
      },
      {
        "event": "",
        "event_time": 1747608553912,
        "agg_trade_id": 2720588207,
        "symbol": "BTCUSDT",
        "price": "105357.30",
        "quantity": "5.002",
        "trade_time": 1747608553891,
        "is_buyer_maker": false,
        "l": 6310142268,
        "f": 6310142266
      },
      {
        "event": "",
        "event_time": 1747612537903,
        "agg_trade_id": 2720727382,
        "symbol": "BTCUSDT",
        "price": "106368.40",
        "quantity": "5.002",
        "trade_time": 1747612537866,
        "is_buyer_maker": true,
        "f": 6310515259,
        "l": 6310515267
      },
      {
        "event": "",
        "event_time": 1747614811327,
        "agg_trade_id": 2720842718,
        "symbol": "BTCUSDT",
        "price": "105894.50",
        "quantity": "5.002",
        "trade_time": 1747614811314,
        "is_buyer_maker": true,
        "l": 6310816101,
        "f": 6310816100
      },
      {
        "event": "",
        "event_time": 1747614847077,
        "agg_trade_id": 2720843871,
        "symbol": "BTCUSDT",
        "price": "105912.10",
        "quantity": "5.002",
        "trade_time": 1747614847024,
        "is_buyer_maker": false,
        "l": 6310818700,
        "f": 6310818691
      },
      {
        "event": "",
        "event_time": 1747624053995,
        "agg_trade_id": 2721071154,
        "symbol": "BTCUSDT",
        "price": "104337.10",
        "quantity": "5.002",
        "trade_time": 1747624053851,
        "is_buyer_maker": true,
        "f": 6311349290,
        "l": 6311349300
      },
      {
        "event": "",
        "event_time": 1747624456207,
        "agg_trade_id": 2721080000,
        "symbol": "BTCUSDT",
        "price": "104179.50",
        "quantity": "5.002",
        "trade_time": 1747624456089,
        "is_buyer_maker": false,
        "l": 6311376552,
        "f": 6311376542
      },
      {
        "event": "",
        "event_time": 1747626198364,
        "agg_trade_id": 2721117021,
        "symbol": "BTCUSDT",
        "price": "103819.90",
        "quantity": "5.002",
        "trade_time": 1747626198289,
        "is_buyer_maker": true,
        "l": 6311468929,
        "f": 6311468916
      },
      {
        "event": "",
        "event_time": 1747627150279,
        "agg_trade_id": 2721145849,
        "symbol": "BTCUSDT",
        "price": "103588.00",
        "quantity": "5.002",
        "trade_time": 1747627150270,
        "is_buyer_maker": false,
        "f": 6311552371,
        "l": 6311552372
      },
      {
        "event": "",
        "event_time": 1747627298887,
        "agg_trade_id": 2721152646,
        "symbol": "BTCUSDT",
        "price": "103408.80",
        "quantity": "5.002",
        "trade_time": 1747627298871,
        "is_buyer_maker": true,
        "f": 6311573465,
        "l": 6311573474
      },
      {
        "event": "",
        "event_time": 1747627627257,
        "agg_trade_id": 2721176307,
        "symbol": "BTCUSDT",
        "price": "102956.50",
        "quantity": "5.002",
        "trade_time": 1747627627221,
        "is_buyer_maker": false,
        "l": 6311635766,
        "f": 6311635751
      },
      {
        "event": "",
        "event_time": 1747628649361,
        "agg_trade_id": 2721226083,
        "symbol": "BTCUSDT",
        "price": "103213.70",
        "quantity": "5.002",
        "trade_time": 1747628649206,
        "is_buyer_maker": false,
        "f": 6311767095,
        "l": 6311767105
      },
      {
        "event": "",
        "event_time": 1747629654528,
        "agg_trade_id": 2721252203,
        "symbol": "BTCUSDT",
        "price": "103126.70",
        "quantity": "5.002",
        "trade_time": 1747629654372,
        "is_buyer_maker": true,
        "l": 6311826522,
        "f": 6311826511
      },
      {
        "event": "",
        "event_time": 1747632739632,
        "agg_trade_id": 2721348472,
        "symbol": "BTCUSDT",
        "price": "102700.30",
        "quantity": "5.002",
        "trade_time": 1747632739563,
        "is_buyer_maker": false,
        "f": 6312058215,
        "l": 6312058246
      },
      {
        "event": "",
        "event_time": 1747632861034,
        "agg_trade_id": 2721354086,
        "symbol": "BTCUSDT",
        "price": "103013.80",
        "quantity": "5.002",
        "trade_time": 1747632861018,
        "is_buyer_maker": false,
        "l": 6312070785,
        "f": 6312070775
      },
      {
        "event": "",
        "event_time": 1747636132260,
        "agg_trade_id": 2721423448,
        "symbol": "BTCUSDT",
        "price": "102607.40",
        "quantity": "5.002",
        "trade_time": 1747636132253,
        "is_buyer_maker": true,
        "f": 6312235080,
        "l": 6312235086
      },
      {
        "event": "",
        "event_time": 1747638124436,
        "agg_trade_id": 2721490736,
        "symbol": "BTCUSDT",
        "price": "102326.90",
        "quantity": "5.002",
        "trade_time": 1747638124280,
        "is_buyer_maker": false,
        "f": 6312409716,
        "l": 6312409740
      },
      {
        "event": "",
        "event_time": 1747638354093,
        "agg_trade_id": 2721497439,
        "symbol": "BTCUSDT",
        "price": "102528.00",
        "quantity": "5.002",
        "trade_time": 1747638354059,
        "is_buyer_maker": false,
        "l": 6312424671,
        "f": 6312424669
      },
      {
        "event": "",
        "event_time": 1747651501324,
        "agg_trade_id": 2721712919,
        "symbol": "BTCUSDT",
        "price": "102909.20",
        "quantity": "5.002",
        "trade_time": 1747651501304,
        "is_buyer_maker": false,
        "f": 6312921330,
        "l": 6312921396
      },
      {
        "event": "",
        "event_time": 1747656651062,
        "agg_trade_id": 2721767735,
        "symbol": "BTCUSDT",
        "price": "102671.90",
        "quantity": "5.002",
        "trade_time": 1747656650906,
        "is_buyer_maker": true,
        "f": 6313041906,
        "l": 6313041923
      },
      {
        "event": "",
        "event_time": 1747656654954,
        "agg_trade_id": 2721767771,
        "symbol": "BTCUSDT",
        "price": "102675.50",
        "quantity": "5.002",
        "trade_time": 1747656654797,
        "is_buyer_maker": true,
        "f": 6313042026,
        "l": 6313042034
      },
      {
        "event": "",
        "event_time": 1747658313738,
        "agg_trade_id": 2721801553,
        "symbol": "BTCUSDT",
        "price": "102228.80",
        "quantity": "5.002",
        "trade_time": 1747658313660,
        "is_buyer_maker": true,
        "f": 6313121964,
        "l": 6313121972
      },
      {
        "event": "",
        "event_time": 1747658811072,
        "agg_trade_id": 2721812629,
        "symbol": "BTCUSDT",
        "price": "102343.00",
        "quantity": "5.002",
        "trade_time": 1747658811066,
        "is_buyer_maker": true,
        "f": 6313151261,
        "l": 6313151262
      },
      {
        "event": "",
        "event_time": 1747661583199,
        "agg_trade_id": 2721857961,
        "symbol": "BTCUSDT",
        "price": "102526.80",
        "quantity": "5.002",
        "trade_time": 1747661583139,
        "is_buyer_maker": false,
        "l": 6313251132,
        "f": 6313251120
      },
      {
        "event": "",
        "event_time": 1747664179024,
        "agg_trade_id": 2721954625,
        "symbol": "BTCUSDT",
        "price": "103593.30",
        "quantity": "5.002",
        "trade_time": 1747664179019,
        "is_buyer_maker": false,
        "f": 6313478128,
        "l": 6313478150
      },
      {
        "event": "",
        "event_time": 1747664862764,
        "agg_trade_id": 2721974768,
        "symbol": "BTCUSDT",
        "price": "103285.50",
        "quantity": "5.002",
        "trade_time": 1747664862760,
        "is_buyer_maker": true,
        "l": 6313526593,
        "f": 6313526589
      },
      {
        "event": "",
        "event_time": 1747667997505,
        "agg_trade_id": 2722068569,
        "symbol": "BTCUSDT",
        "price": "104406.40",
        "quantity": "5.002",
        "trade_time": 1747667997348,
        "is_buyer_maker": true,
        "f": 6313762319,
        "l": 6313762327
      },
      {
        "event": "",
        "event_time": 1747669570394,
        "agg_trade_id": 2722113559,
        "symbol": "BTCUSDT",
        "price": "104864.10",
        "quantity": "5.002",
        "trade_time": 1747669570262,
        "is_buyer_maker": false,
        "l": 6313871465,
        "f": 6313871462
      },
      {
        "event": "",
        "event_time": 1747675155555,
        "agg_trade_id": 2722264121,
        "symbol": "BTCUSDT",
        "price": "104896.30",
        "quantity": "5.002",
        "trade_time": 1747675155534,
        "is_buyer_maker": true,
        "l": 6314247861,
        "f": 6314247848
      },
      {
        "event": "",
        "event_time": 1747675795619,
        "agg_trade_id": 2722276761,
        "symbol": "BTCUSDT",
        "price": "105216.50",
        "quantity": "5.002",
        "trade_time": 1747675795464,
        "is_buyer_maker": true,
        "l": 6314276214,
        "f": 6314276208
      },
      {
        "event": "",
        "event_time": 1747677896806,
        "agg_trade_id": 2722311038,
        "symbol": "BTCUSDT",
        "price": "105479.70",
        "quantity": "5.002",
        "trade_time": 1747677896741,
        "is_buyer_maker": false,
        "f": 6314357452,
        "l": 6314357462
      },
      {
        "event": "",
        "event_time": 1747680488627,
        "agg_trade_id": 2722354622,
        "symbol": "BTCUSDT",
        "price": "104836.20",
        "quantity": "5.002",
        "trade_time": 1747680488472,
        "is_buyer_maker": true,
        "l": 6314472919,
        "f": 6314472909
      },
      {
        "event": "",
        "event_time": 1747688003155,
        "agg_trade_id": 2722468080,
        "symbol": "BTCUSDT",
        "price": "105340.00",
        "quantity": "5.002",
        "trade_time": 1747688003066,
        "is_buyer_maker": true,
        "f": 6314735991,
        "l": 6314735999
      },
      {
        "event": "",
        "event_time": 1747697752479,
        "agg_trade_id": 2722573095,
        "symbol": "BTCUSDT",
        "price": "105468.50",
        "quantity": "5.002",
        "trade_time": 1747697752475,
        "is_buyer_maker": true,
        "f": 6314982106,
        "l": 6314982107
      },
      {
        "event": "",
        "event_time": 1747706226160,
        "agg_trade_id": 2722784290,
        "symbol": "BTCUSDT",
        "price": "106583.60",
        "quantity": "5.002",
        "trade_time": 1747706226153,
        "is_buyer_maker": false,
        "l": 6315479976,
        "f": 6315479975
      },
      {
        "event": "",
        "event_time": 1747717576818,
        "agg_trade_id": 2722985078,
        "symbol": "BTCUSDT",
        "price": "106129.50",
        "quantity": "5.002",
        "trade_time": 1747717576661,
        "is_buyer_maker": false,
        "f": 6315955893,
        "l": 6315955901
      },
      {
        "event": "",
        "event_time": 1747720777099,
        "agg_trade_id": 2723025093,
        "symbol": "BTCUSDT",
        "price": "106055.20",
        "quantity": "5.002",
        "trade_time": 1747720776974,
        "is_buyer_maker": true,
        "l": 6316049124,
        "f": 6316049107
      },
      {
        "event": "",
        "event_time": 1747744310194,
        "agg_trade_id": 2723321489,
        "symbol": "BTCUSDT",
        "price": "104769.20",
        "quantity": "5.002",
        "trade_time": 1747744310038,
        "is_buyer_maker": true,
        "f": 6316754733,
        "l": 6316754782
      },
      {
        "event": "",
        "event_time": 1747744899060,
        "agg_trade_id": 2723330257,
        "symbol": "BTCUSDT",
        "price": "104608.70",
        "quantity": "5.002",
        "trade_time": 1747744898904,
        "is_buyer_maker": true,
        "f": 6316784056,
        "l": 6316784077
      },
      {
        "event": "",
        "event_time": 1747749207552,
        "agg_trade_id": 2723424576,
        "symbol": "BTCUSDT",
        "price": "104441.00",
        "quantity": "5.002",
        "trade_time": 1747749207455,
        "is_buyer_maker": true,
        "l": 6317006375,
        "f": 6317006362
      },
      {
        "event": "",
        "event_time": 1747749221925,
        "agg_trade_id": 2723425120,
        "symbol": "BTCUSDT",
        "price": "104438.50",
        "quantity": "5.002",
        "trade_time": 1747749221821,
        "is_buyer_maker": false,
        "f": 6317007604,
        "l": 6317007612
      },
      {
        "event": "",
        "event_time": 1747751706915,
        "agg_trade_id": 2723490877,
        "symbol": "BTCUSDT",
        "price": "104566.70",
        "quantity": "5.002",
        "trade_time": 1747751706759,
        "is_buyer_maker": true,
        "f": 6317159928,
        "l": 6317159940
      },
      {
        "event": "",
        "event_time": 1747757530632,
        "agg_trade_id": 2723598631,
        "symbol": "BTCUSDT",
        "price": "105079.20",
        "quantity": "5.002",
        "trade_time": 1747757530478,
        "is_buyer_maker": true,
        "l": 6317416935,
        "f": 6317416927
      },
      {
        "event": "",
        "event_time": 1747760954608,
        "agg_trade_id": 2723651897,
        "symbol": "BTCUSDT",
        "price": "105707.60",
        "quantity": "5.002",
        "trade_time": 1747760954538,
        "is_buyer_maker": false,
        "f": 6317543946,
        "l": 6317543955
      },
      {
        "event": "",
        "event_time": 1747765734041,
        "agg_trade_id": 2723776349,
        "symbol": "BTCUSDT",
        "price": "105732.00",
        "quantity": "5.002",
        "trade_time": 1747765734033,
        "is_buyer_maker": true,
        "l": 6317840151,
        "f": 6317840146
      },
      {
        "event": "",
        "event_time": 1747771178239,
        "agg_trade_id": 2723939927,
        "symbol": "BTCUSDT",
        "price": "106949.00",
        "quantity": "5.002",
        "trade_time": 1747771178086,
        "is_buyer_maker": false,
        "l": 6318256764,
        "f": 6318256756
      },
      {
        "event": "",
        "event_time": 1747771371001,
        "agg_trade_id": 2723951957,
        "symbol": "BTCUSDT",
        "price": "106711.90",
        "quantity": "5.002",
        "trade_time": 1747771370994,
        "is_buyer_maker": true,
        "l": 6318283319,
        "f": 6318283318
      },
      {
        "event": "",
        "event_time": 1747772797833,
        "agg_trade_id": 2723992210,
        "symbol": "BTCUSDT",
        "price": "106599.70",
        "quantity": "5.002",
        "trade_time": 1747772797824,
        "is_buyer_maker": true,
        "l": 6318377668,
        "f": 6318377597
      },
      {
        "event": "",
        "event_time": 1747773403222,
        "agg_trade_id": 2724002201,
        "symbol": "BTCUSDT",
        "price": "106600.00",
        "quantity": "5.002",
        "trade_time": 1747773403213,
        "is_buyer_maker": true,
        "f": 6318400099,
        "l": 6318400119
      },
      {
        "event": "",
        "event_time": 1747780031298,
        "agg_trade_id": 2724144820,
        "symbol": "BTCUSDT",
        "price": "106318.00",
        "quantity": "5.002",
        "trade_time": 1747780031268,
        "is_buyer_maker": true,
        "f": 6318729296,
        "l": 6318729315
      },
      {
        "event": "",
        "event_time": 1747785767328,
        "agg_trade_id": 2724246635,
        "symbol": "BTCUSDT",
        "price": "106768.30",
        "quantity": "5.002",
        "trade_time": 1747785767172,
        "is_buyer_maker": true,
        "f": 6318955497,
        "l": 6318955513
      },
      {
        "event": "",
        "event_time": 1747797122760,
        "agg_trade_id": 2724432429,
        "symbol": "BTCUSDT",
        "price": "106897.30",
        "quantity": "5.002",
        "trade_time": 1747797122605,
        "is_buyer_maker": true,
        "f": 6319362228,
        "l": 6319362264
      },
      {
        "event": "",
        "event_time": 1747798249071,
        "agg_trade_id": 2724445067,
        "symbol": "BTCUSDT",
        "price": "106976.00",
        "quantity": "5.002",
        "trade_time": 1747798249068,
        "is_buyer_maker": true,
        "l": 6319390616,
        "f": 6319390615
      },
      {
        "event": "",
        "event_time": 1747802546535,
        "agg_trade_id": 2724521681,
        "symbol": "BTCUSDT",
        "price": "107629.60",
        "quantity": "5.002",
        "trade_time": 1747802546531,
        "is_buyer_maker": true,
        "l": 6319580115,
        "f": 6319580114
      },
      {
        "event": "",
        "event_time": 1747802774181,
        "agg_trade_id": 2724532315,
        "symbol": "BTCUSDT",
        "price": "107350.70",
        "quantity": "5.002",
        "trade_time": 1747802774154,
        "is_buyer_maker": false,
        "f": 6319607170,
        "l": 6319607181
      },
      {
        "event": "",
        "event_time": 1747803761446,
        "agg_trade_id": 2724555780,
        "symbol": "BTCUSDT",
        "price": "107414.40",
        "quantity": "5.002",
        "trade_time": 1747803761301,
        "is_buyer_maker": true,
        "f": 6319663797,
        "l": 6319663841
      },
      {
        "event": "",
        "event_time": 1747820103031,
        "agg_trade_id": 2724923724,
        "symbol": "BTCUSDT",
        "price": "106200.00",
        "quantity": "5.002",
        "trade_time": 1747820103023,
        "is_buyer_maker": false,
        "f": 6320522165,
        "l": 6320522175
      },
      {
        "event": "",
        "event_time": 1747824114272,
        "agg_trade_id": 2724976760,
        "symbol": "BTCUSDT",
        "price": "106258.90",
        "quantity": "5.002",
        "trade_time": 1747824114116,
        "is_buyer_maker": false,
        "f": 6320646260,
        "l": 6320646297
      },
      {
        "event": "",
        "event_time": 1747835119817,
        "agg_trade_id": 2725130579,
        "symbol": "BTCUSDT",
        "price": "107042.10",
        "quantity": "5.002",
        "trade_time": 1747835119811,
        "is_buyer_maker": true,
        "f": 6320999957,
        "l": 6320999958
      },
      {
        "event": "",
        "event_time": 1747839241328,
        "agg_trade_id": 2725336464,
        "symbol": "BTCUSDT",
        "price": "108395.80",
        "quantity": "5.002",
        "trade_time": 1747839241305,
        "is_buyer_maker": true,
        "f": 6321511481,
        "l": 6321511521
      },
      {
        "event": "",
        "event_time": 1747841368184,
        "agg_trade_id": 2725548360,
        "symbol": "BTCUSDT",
        "price": "108895.40",
        "quantity": "5.002",
        "trade_time": 1747841368095,
        "is_buyer_maker": true,
        "f": 6322021133,
        "l": 6322021145
      },
      {
        "event": "",
        "event_time": 1747841513309,
        "agg_trade_id": 2725556414,
        "symbol": "BTCUSDT",
        "price": "108889.90",
        "quantity": "5.002",
        "trade_time": 1747841513303,
        "is_buyer_maker": true,
        "f": 6322039103,
        "l": 6322039136
      },
      {
        "event": "",
        "event_time": 1747842225722,
        "agg_trade_id": 2725604547,
        "symbol": "BTCUSDT",
        "price": "108827.70",
        "quantity": "5.002",
        "trade_time": 1747842225665,
        "is_buyer_maker": true,
        "f": 6322151468,
        "l": 6322151491
      },
      {
        "event": "",
        "event_time": 1747844978773,
        "agg_trade_id": 2725704237,
        "symbol": "BTCUSDT",
        "price": "109081.80",
        "quantity": "5.002",
        "trade_time": 1747844978639,
        "is_buyer_maker": true,
        "l": 6322366433,
        "f": 6322366424
      },
      {
        "event": "",
        "event_time": 1747845402874,
        "agg_trade_id": 2725735320,
        "symbol": "BTCUSDT",
        "price": "109485.90",
        "quantity": "5.002",
        "trade_time": 1747845402785,
        "is_buyer_maker": false,
        "f": 6322442950,
        "l": 6322442966
      },
      {
        "event": "",
        "event_time": 1747846566983,
        "agg_trade_id": 2725796816,
        "symbol": "BTCUSDT",
        "price": "109447.70",
        "quantity": "5.002",
        "trade_time": 1747846566872,
        "is_buyer_maker": true,
        "l": 6322572182,
        "f": 6322572161
      },
      {
        "event": "",
        "event_time": 1747847902992,
        "agg_trade_id": 2725862001,
        "symbol": "BTCUSDT",
        "price": "108556.90",
        "quantity": "5.002",
        "trade_time": 1747847902964,
        "is_buyer_maker": true,
        "f": 6322718729,
        "l": 6322718742
      },
      {
        "event": "",
        "event_time": 1747848274973,
        "agg_trade_id": 2725900379,
        "symbol": "BTCUSDT",
        "price": "107986.50",
        "quantity": "5.002",
        "trade_time": 1747848274951,
        "is_buyer_maker": true,
        "f": 6322805390,
        "l": 6322805407
      },
      {
        "event": "",
        "event_time": 1747849102639,
        "agg_trade_id": 2726070410,
        "symbol": "BTCUSDT",
        "price": "107223.40",
